<?xml version="1.0" encoding="UTF-8"?>
<!DOCTYPE html PUBLIC "-//W3C//DTD XHTML 1.0 Transitional//EN"
    "http://www.w3.org/TR/xhtml1/DTD/xhtml1-transitional.dtd">
<html xmlns="http://www.w3.org/1999/xhtml" xml:lang="en" lang="en">
 <head>
  <title>
</title>
<meta http-equiv="Content-Type" content="text/html;charset=utf-8" />
  <meta name='ocr-system' content='tesseract 3.04.00' />
  <meta name='ocr-capabilities' content='ocr_page ocr_carea ocr_par ocr_line ocrx_word'/>
</head>
<body>
  <div class='ocr_page' id='page_1' title='image "./empedoclisagrig00empegoog_0032.png"; bbox 0 0 2782 4936; ppageno 0'>
   <div class='ocr_carea' id='block_1_1' title="bbox 500 389 710 451">
    <p class='ocr_par' dir='ltr' id='par_1_1' title="bbox 500 389 710 451">
     <span class='ocr_line' id='line_1_1' title="bbox 500 389 710 451; baseline 0.01 -18"><span class='ocrx_word' id='word_1_1' title='bbox 500 389 710 451; x_wconf 76' lang='lat'>..21-</span> 
     </span>
    </p>
   </div>
   <div class='ocr_carea' id='block_1_2' title="bbox 91 561 1096 983">
    <p class='ocr_par' dir='ltr' id='par_1_2' title="bbox 201 561 1096 874">
     <span class='ocr_line' id='line_1_2' title="bbox 201 561 1096 654; baseline 0.002 -22"><span class='ocrx_word' id='word_1_2' title='bbox 201 562 244 646; x_wconf 74' lang='grc' dir='ltr'>ὥς</span> <span class='ocrx_word' id='word_1_3' title='bbox 265 567 300 632; x_wconf 77' lang='grc' dir='ltr'>δὲ</span> <span class='ocrx_word' id='word_1_4' title='bbox 321 565 397 650; x_wconf 82' lang='grc' dir='ltr'><em>παρ’</em></span> <span class='ocrx_word' id='word_1_5' title='bbox 421 561 575 651; x_wconf 65' lang='grc' dir='ltr'>ἡμετέρης</span> <span class='ocrx_word' id='word_1_6' title='bbox 596 569 719 632; x_wconf 75' lang='grc' dir='ltr'><em>κέλεται</em></span> <span class='ocrx_word' id='word_1_7' title='bbox 743 563 929 648; x_wconf 71' lang='grc' dir='ltr'><em>πιστώματα</em></span> <span class='ocrx_word' id='word_1_8' title='bbox 948 562 1096 654; x_wconf 73' lang='grc' dir='ltr'>Μούσης.</span> 
     </span>
     <span class='ocr_line' id='line_1_3' title="bbox 201 669 1047 765; baseline 0 -23"><span class='ocrx_word' id='word_1_9' title='bbox 201 677 274 765; x_wconf 72' lang='grc' dir='ltr'>γαίῃ</span> <span class='ocrx_word' id='word_1_10' title='bbox 295 676 433 762; x_wconf 75' lang='grc' dir='ltr'><em>μὲνγὰρ</em></span> <span class='ocrx_word' id='word_1_11' title='bbox 456 683 552 758; x_wconf 79' lang='grc' dir='ltr'><em>γαῖαν</em></span> <span class='ocrx_word' id='word_1_12' title='bbox 572 671 756 757; x_wconf 75' lang='grc' dir='ltr'><em>ὀπώπαμεν,</em></span> <span class='ocrx_word' id='word_1_13' title='bbox 780 669 872 742; x_wconf 72' lang='grc' dir='ltr'><em>ὕδατι</em></span> <span class='ocrx_word' id='word_1_14' title='bbox 894 679 925 741; x_wconf 88' lang='lat' dir='ltr'>d&#39;</span> <span class='ocrx_word' id='word_1_15' title='bbox 947 672 1047 764; x_wconf 69' lang='grc' dir='ltr'><em>ὕδωρ.</em></span> 
     </span>
     <span class='ocr_line' id='line_1_4' title="bbox 201 781 1038 874; baseline 0.001 -22"><span class='ocrx_word' id='word_1_16' title='bbox 201 791 260 853; x_wconf 77' lang='lat' dir='ltr'>oda</span> <span class='ocrx_word' id='word_1_17' title='bbox 279 782 364 851; x_wconf 81' lang='grc' dir='ltr'><em>ἔστιν</em></span> <span class='ocrx_word' id='word_1_18' title='bbox 382 781 558 850; x_wconf 65' lang='lat' dir='ltr'>scotoma&gt;</span> <span class='ocrx_word' id='word_1_19' title='bbox 579 784 646 850; x_wconf 71' lang='grc' dir='ltr'>οὐδ’</span> <span class='ocrx_word' id='word_1_20' title='bbox 669 784 886 872; x_wconf 72' lang='grc' dir='ltr'><em>ὀφθαλμοῖσιν</em></span> <span class='ocrx_word' id='word_1_21' title='bbox 908 785 1038 874; x_wconf 74' lang='grc' dir='ltr'>ἐφικτὸν</span> 
     </span>
    </p>

    <p class='ocr_par' dir='ltr' id='par_1_3' title="bbox 91 889 736 983">
     <span class='ocr_line' id='line_1_5' title="bbox 91 889 736 983; baseline -0.002 -21"><span class='ocrx_word' id='word_1_22' title='bbox 91 901 93 904; x_wconf 74' lang='grc'>’</span> <span class='ocrx_word' id='word_1_23' title='bbox 200 897 366 983; x_wconf 77' lang='grc' dir='ltr'><em>ἡμετέροις</em></span> <span class='ocrx_word' id='word_1_24' title='bbox 386 889 408 980; x_wconf 77' lang='grc' dir='ltr'><em>ἢ</em></span> <span class='ocrx_word' id='word_1_25' title='bbox 428 892 522 979; x_wconf 74' lang='grc' dir='ltr'><em>χερσὶ</em></span> <span class='ocrx_word' id='word_1_26' title='bbox 541 899 652 978; x_wconf 74' lang='grc' dir='ltr'><em>λαβεῖν</em></span> <span class='ocrx_word' id='word_1_27' title='bbox 673 902 736 962; x_wconf 83' lang='grc' dir='ltr'><em>κτλ.</em></span> 
     </span>
    </p>
   </div>
   <div class='ocr_carea' id='block_1_3' title="bbox 57 1057 736 1144">
    <p class='ocr_par' dir='ltr' id='par_1_4' title="bbox 57 1057 736 1144">
     <span class='ocr_line' id='line_1_6' title="bbox 57 1057 736 1144; baseline -0.006 -17"><span class='ocrx_word' id='word_1_28' title='bbox 57 1078 126 1127; x_wconf 92' lang='lat' dir='ltr'>non</span> <span class='ocrx_word' id='word_1_29' title='bbox 143 1063 271 1144; x_wconf 82' lang='lat' dir='ltr'>possunt</span> <span class='ocrx_word' id='word_1_30' title='bbox 295 1075 357 1122; x_wconf 91' lang='lat' dir='ltr'>non</span> <span class='ocrx_word' id='word_1_31' title='bbox 379 1077 398 1123; x_wconf 89' lang='lat' dir='ltr'>a</span> <span class='ocrx_word' id='word_1_32' title='bbox 416 1057 539 1122; x_wconf 88' lang='lat' dir='ltr'>mortali</span> <span class='ocrx_word' id='word_1_33' title='bbox 558 1057 632 1122; x_wconf 89' lang='lat' dir='ltr'>dicti</span> <span class='ocrx_word' id='word_1_34' title='bbox 656 1076 736 1123; x_wconf 89' lang='lat' dir='ltr'>esse.</span> 
     </span>
    </p>
   </div>
   <div class='ocr_carea' id='block_1_4' title="bbox 53 1194 1156 1392">
    <p class='ocr_par' dir='ltr' id='par_1_5' title="bbox 53 1194 1156 1392">
     <span class='ocr_line' id='line_1_7' title="bbox 158 1194 1156 1283; baseline 0 -19"><span class='ocrx_word' id='word_1_35' title='bbox 158 1197 201 1264; x_wconf 79' lang='lat' dir='ltr'>At</span> <span class='ocrx_word' id='word_1_36' title='bbox 228 1211 289 1279; x_wconf 89' lang='lat' dir='ltr'>quo</span> <span class='ocrx_word' id='word_1_37' title='bbox 320 1194 443 1260; x_wconf 88' lang='lat' dir='ltr'>tandem</span> <span class='ocrx_word' id='word_1_38' title='bbox 471 1211 548 1258; x_wconf 88' lang='lat' dir='ltr'>sexu</span> <span class='ocrx_word' id='word_1_39' title='bbox 570 1213 668 1278; x_wconf 86' lang='lat' dir='ltr'>quave</span> <span class='ocrx_word' id='word_1_40' title='bbox 700 1201 826 1262; x_wconf 89' lang='lat' dir='ltr'>naturae</span> <span class='ocrx_word' id='word_1_41' title='bbox 846 1196 938 1262; x_wconf 89' lang='lat' dir='ltr'>ioeda</span> <span class='ocrx_word' id='word_1_42' title='bbox 960 1197 1156 1283; x_wconf 76' lang='lat' dir='ltr'>ambiguitate</span> 
     </span>
     <span class='ocr_line' id='line_1_8' title="bbox 53 1305 1106 1392; baseline 0.002 -20"><span class='ocrx_word' id='word_1_43' title='bbox 53 1313 147 1392; x_wconf 83' lang='lat' dir='ltr'>putas</span> <span class='ocrx_word' id='word_1_44' title='bbox 169 1307 293 1373; x_wconf 89' lang='lat' dir='ltr'>doctam</span> <span class='ocrx_word' id='word_1_45' title='bbox 312 1306 402 1370; x_wconf 91' lang='lat' dir='ltr'>istam</span> <span class='ocrx_word' id='word_1_46' title='bbox 424 1307 539 1371; x_wconf 84' lang='lat' dir='ltr'>Musam</span> <span class='ocrx_word' id='word_1_47' title='bbox 561 1305 668 1387; x_wconf 87' lang='lat' dir='ltr'>luisse,</span> <span class='ocrx_word' id='word_1_48' title='bbox 690 1326 708 1371; x_wconf 95' lang='lat' dir='ltr'>a</span> <span class='ocrx_word' id='word_1_49' title='bbox 730 1325 789 1390; x_wconf 87' lang='lat' dir='ltr'>qua</span> <span class='ocrx_word' id='word_1_50' title='bbox 811 1308 860 1372; x_wconf 90' lang='lat' dir='ltr'>vel</span> <span class='ocrx_word' id='word_1_51' title='bbox 881 1308 961 1373; x_wconf 88' lang='lat' dir='ltr'>huno</span> <span class='ocrx_word' id='word_1_52' title='bbox 984 1327 1106 1374; x_wconf 87' lang='lat' dir='ltr'>versum</span> 
     </span>
    </p>
   </div>
   <div class='ocr_carea' id='block_1_5' title="bbox 56 1438 1159 1640">
    <p class='ocr_par' dir='ltr' id='par_1_6' title="bbox 56 1438 1159 1640">
     <span class='ocr_line' id='line_1_9' title="bbox 56 1438 1159 1525; baseline 0.013 -31"><span class='ocrx_word' id='word_1_53' title='bbox 56 1443 103 1510; x_wconf 75' lang='grc'>43</span> <span class='ocrx_word' id='word_1_54' title='bbox 800 1443 994 1525; x_wconf 66' lang='lat' dir='ltr'>ductatore</span> <span class='ocrx_word' id='word_1_55' title='bbox 1017 1438 1159 1524; x_wconf 69' lang='grc' dir='ltr'><em>πότμοι,</em></span> 
     </span>
     <span class='ocr_line' id='line_1_10' title="bbox 200 1543 1156 1640; baseline 0.002 -25"><span class='ocrx_word' id='word_1_56' title='bbox 200 1543 223 1637; x_wconf 82' lang='grc' dir='ltr'><strong><em>ἧ</em></strong></span> <span class='ocrx_word' id='word_1_57' title='bbox 243 1553 337 1632; x_wconf 76' lang='grc' dir='ltr'><em>θέμις</em></span> <span class='ocrx_word' id='word_1_58' title='bbox 358 1547 436 1632; x_wconf 71' lang='grc' dir='ltr'><em>ἐστι’,</em></span> <span class='ocrx_word' id='word_1_59' title='bbox 460 1553 604 1633; x_wconf 78' lang='grc' dir='ltr'><em>καλοῦσι,</em></span> <span class='ocrx_word' id='word_1_60' title='bbox 625 1550 711 1640; x_wconf 77' lang='grc' dir='ltr'><em>νόμῳ</em></span> <span class='ocrx_word' id='word_1_61' title='bbox 736 1554 763 1617; x_wconf 84' lang='lat' dir='ltr'>d’</span> <span class='ocrx_word' id='word_1_62' title='bbox 784 1551 921 1639; x_wconf 70' lang='grc' dir='ltr'><em>ἐπίφημι</em></span> <span class='ocrx_word' id='word_1_63' title='bbox 942 1558 996 1617; x_wconf 83' lang='grc' dir='ltr'><strong><em>καί</em></strong></span> <span class='ocrx_word' id='word_1_64' title='bbox 1017 1550 1156 1634; x_wconf 73' lang='grc' dir='ltr'><em>αὐτὸς,</em></span> 
     </span>
    </p>
   </div>
   <div class='ocr_carea' id='block_1_6' title="bbox 52 1686 730 1772">
    <p class='ocr_par' dir='ltr' id='par_1_7' title="bbox 52 1686 730 1772">
     <span class='ocr_line' id='line_1_11' title="bbox 52 1686 730 1772; baseline -0.006 -18"><span class='ocrx_word' id='word_1_65' title='bbox 52 1686 283 1772; x_wconf 83' lang='lat' dir='ltr'>pronuntiatum</span> <span class='ocrx_word' id='word_1_66' title='bbox 309 1703 379 1752; x_wconf 88' lang='lat' dir='ltr'>esse</span> <span class='ocrx_word' id='word_1_67' title='bbox 401 1686 556 1762; x_wconf 72' lang='lat' dir='ltr'>dictitant,</span> <span class='ocrx_word' id='word_1_68' title='bbox 579 1686 628 1750; x_wconf 90' lang='lat' dir='ltr'>vel</span> <span class='ocrx_word' id='word_1_69' title='bbox 650 1687 730 1750; x_wconf 91' lang='lat' dir='ltr'>hunc</span> 
     </span>
    </p>
   </div>
   <div class='ocr_carea' id='block_1_7' title="bbox 55 1812 1158 2124">
    <p class='ocr_par' dir='ltr' id='par_1_8' title="bbox 55 1812 1158 2124">
     <span class='ocr_line' id='line_1_12' title="bbox 57 1812 959 1908; baseline -0.002 -21"><span class='ocrx_word' id='word_1_70' title='bbox 57 1824 102 1887; x_wconf 82' lang='lat'>58</span> <span class='ocrx_word' id='word_1_71' title='bbox 257 1819 402 1907; x_wconf 80' lang='grc' dir='ltr'><strong><em>κορυφὰς</em></strong></span> <span class='ocrx_word' id='word_1_72' title='bbox 423 1815 533 1906; x_wconf 71' lang='grc' dir='ltr'><em>ἑτέρας</em></span> <span class='ocrx_word' id='word_1_73' title='bbox 554 1812 679 1908; x_wconf 72' lang='grc' dir='ltr'><em>ἑτέρῃσι</em></span> <span class='ocrx_word' id='word_1_74' title='bbox 700 1845 747 1905; x_wconf 81' lang='grc' dir='ltr'>πρ</span> <span class='ocrx_word' id='word_1_75' title='bbox 758 1816 825 1895; x_wconf 68' lang='lat' dir='ltr'>aad</span> <span class='ocrx_word' id='word_1_76' title='bbox 836 1847 856 1884; x_wconf 95' lang='grc' dir='ltr'><em>π</em></span> <span class='ocrx_word' id='word_1_77' title='bbox 867 1844 959 1902; x_wconf 75' lang='lat' dir='ltr'>rosv,</span> 
     </span>
     <span class='ocr_line' id='line_1_13' title="bbox 55 1930 210 1997; baseline -0.006 -1"><span class='ocrx_word' id='word_1_78' title='bbox 55 1932 109 1997; x_wconf 86' lang='lat' dir='ltr'>val</span> <span class='ocrx_word' id='word_1_79' title='bbox 128 1930 210 1996; x_wconf 84' lang='lat' dir='ltr'>lunc</span> 
     </span>
     <span class='ocr_line' id='line_1_14' title="bbox 203 2036 1158 2124; baseline -0.003 -16"><span class='ocrx_word' id='word_1_80' title='bbox 203 2037 317 2124; x_wconf 73' lang='grc' dir='ltr'>ὥςμάρ</span> <span class='ocrx_word' id='word_1_81' title='bbox 331 2041 387 2104; x_wconf 83' lang='grc' dir='ltr'>ιιαί</span> <span class='ocrx_word' id='word_1_82' title='bbox 399 2041 474 2123; x_wconf 74' lang='grc' dir='ltr'>πρὶν</span> <span class='ocrx_word' id='word_1_83' title='bbox 492 2036 593 2122; x_wconf 83' lang='grc' dir='ltr'><em>ἔειπα,</em></span> <span class='ocrx_word' id='word_1_84' title='bbox 607 2038 854 2124; x_wconf 80' lang='grc' dir='ltr'><em>πιφαύσκων</em></span> <span class='ocrx_word' id='word_1_85' title='bbox 875 2044 1009 2123; x_wconf 74' lang='grc' dir='ltr'><em>πείρατα</em></span> <span class='ocrx_word' id='word_1_86' title='bbox 1030 2039 1158 2122; x_wconf 78' lang='grc' dir='ltr'><em>μύθων,</em></span> 
     </span>
    </p>
   </div>
   <div class='ocr_carea' id='block_1_8' title="bbox 56 2175 1159 2398">
    <p class='ocr_par' dir='ltr' id='par_1_9' title="bbox 56 2175 1159 2398">
     <span class='ocr_line' id='line_1_15' title="bbox 56 2175 358 2258; baseline -0.01 -16"><span class='ocrx_word' id='word_1_87' title='bbox 56 2177 109 2242; x_wconf 86' lang='lat' dir='ltr'>vel</span> <span class='ocrx_word' id='word_1_88' title='bbox 125 2175 259 2258; x_wconf 80' lang='lat' dir='ltr'>denique</span> <span class='ocrx_word' id='word_1_89' title='bbox 277 2175 358 2241; x_wconf 89' lang='lat' dir='ltr'>hunc</span> 
     </span>
     <span class='ocr_line' id='line_1_16' title="bbox 60 2304 1159 2398; baseline 0.001 -23"><span class='ocrx_word' id='word_1_90' title='bbox 60 2311 120 2375; x_wconf 88' lang='lat'>170</span> <span class='ocrx_word' id='word_1_91' title='bbox 204 2304 261 2373; x_wconf 74' lang='grc' dir='ltr'>τὸν</span> <span class='ocrx_word' id='word_1_92' title='bbox 275 2309 428 2393; x_wconf 72' lang='grc' dir='ltr'>πρότερον</span> <span class='ocrx_word' id='word_1_93' title='bbox 442 2309 603 2385; x_wconf 81' lang='grc' dir='ltr'><em>κατέλεξα,</em></span> <span class='ocrx_word' id='word_1_94' title='bbox 618 2306 699 2398; x_wconf 75' lang='grc' dir='ltr'><em>λόγῳ</em></span> <span class='ocrx_word' id='word_1_95' title='bbox 713 2307 805 2393; x_wconf 75' lang='grc' dir='ltr'><em>λόγον</em></span> <span class='ocrx_word' id='word_1_96' title='bbox 825 2309 907 2385; x_wconf 78' lang='grc' dir='ltr'><em>εἶςο</em></span> <span class='ocrx_word' id='word_1_97' title='bbox 915 2332 980 2392; x_wconf 80' lang='grc' dir='ltr'>χει</span> <span class='ocrx_word' id='word_1_98' title='bbox 990 2332 1004 2374; x_wconf 84' lang='lat' dir='ltr'>e</span> <span class='ocrx_word' id='word_1_99' title='bbox 1014 2309 1033 2375; x_wconf 77' lang='lat' dir='ltr'>ai</span> <span class='ocrx_word' id='word_1_100' title='bbox 1044 2336 1105 2377; x_wconf 78' lang='lat' dir='ltr'>aaa.</span> <span class='ocrx_word' id='word_1_101' title='bbox 1116 2346 1159 2367; x_wconf 89' lang='lat'>·-</span> 
     </span>
    </p>
   </div>
   <div class='ocr_carea' id='block_1_9' title="bbox 56 2429 1161 4502">
    <p class='ocr_par' dir='ltr' id='par_1_10' title="bbox 56 2429 714 2529">
     <span class='ocr_line' id='line_1_17' title="bbox 56 2429 714 2529; baseline -0.003 -20"><span class='ocrx_word' id='word_1_102' title='bbox 56 2445 129 2509; x_wconf 84' lang='lat' dir='ltr'>Non</span> <span class='ocrx_word' id='word_1_103' title='bbox 150 2429 297 2523; x_wconf 78' lang='lat' dir='ltr'>reveniat,</span> <span class='ocrx_word' id='word_1_104' title='bbox 319 2443 529 2525; x_wconf 84' lang='lat' dir='ltr'>spero,·liusa</span> <span class='ocrx_word' id='word_1_105' title='bbox 559 2446 714 2529; x_wconf 81' lang='lat' dir='ltr'>magister.</span> 
     </span>
    </p>

    <p class='ocr_par' dir='ltr' id='par_1_11' title="bbox 57 2553 1161 4502">
     <span class='ocr_line' id='line_1_18' title="bbox 160 2553 1158 2639; baseline 0.002 -21"><span class='ocrx_word' id='word_1_106' title='bbox 160 2555 283 2618; x_wconf 82' lang='lat' dir='ltr'>inventa</span> <span class='ocrx_word' id='word_1_107' title='bbox 314 2553 409 2639; x_wconf 80' lang='lat' dir='ltr'>igitur</span> <span class='ocrx_word' id='word_1_108' title='bbox 436 2559 582 2616; x_wconf 74' lang='lat' dir='ltr'>cateruae</span> <span class='ocrx_word' id='word_1_109' title='bbox 613 2556 734 2635; x_wconf 72' lang='lat' dir='ltr'>formae</span> <span class='ocrx_word' id='word_1_110' title='bbox 758 2560 848 2634; x_wconf 92' lang='lat' dir='ltr'>nota,</span> <span class='ocrx_word' id='word_1_111' title='bbox 884 2570 946 2618; x_wconf 94' lang='lat' dir='ltr'>non</span> <span class='ocrx_word' id='word_1_112' title='bbox 975 2560 1076 2637; x_wconf 86' lang='lat' dir='ltr'>potest</span> <span class='ocrx_word' id='word_1_113' title='bbox 1096 2555 1158 2620; x_wconf 89' lang='lat' dir='ltr'>iarn</span> 
     </span>
     <span class='ocr_line' id='line_1_19' title="bbox 61 2663 1157 2749; baseline 0.001 -21"><span class='ocrx_word' id='word_1_114' title='bbox 61 2683 129 2729; x_wconf 88' lang='lat' dir='ltr'>cnm</span> <span class='ocrx_word' id='word_1_115' title='bbox 153 2663 192 2728; x_wconf 91' lang='lat' dir='ltr'>de</span> <span class='ocrx_word' id='word_1_116' title='bbox 217 2663 317 2729; x_wconf 91' lang='lat' dir='ltr'>multis</span> <span class='ocrx_word' id='word_1_117' title='bbox 330 2663 625 2744; x_wconf 84' lang='lat' dir='ltr'>versibusdubitari,</span> <span class='ocrx_word' id='word_1_118' title='bbox 649 2665 722 2746; x_wconf 87' lang='lat' dir='ltr'>quin</span> <span class='ocrx_word' id='word_1_119' title='bbox 747 2663 954 2728; x_wconf 86' lang='lat' dir='ltr'>alnstralibus</span> <span class='ocrx_word' id='word_1_120' title='bbox 972 2665 1157 2749; x_wconf 80' lang='lat' dir='ltr'>seiungendi</span> 
     </span>
     <span class='ocr_line' id='line_1_20' title="bbox 60 2773 1158 2859; baseline 0.002 -22"><span class='ocrx_word' id='word_1_121' title='bbox 60 2773 122 2837; x_wconf 92' lang='lat' dir='ltr'>sint</span> <span class='ocrx_word' id='word_1_122' title='bbox 155 2782 240 2851; x_wconf 80' lang='lat' dir='ltr'>(iram</span> <span class='ocrx_word' id='word_1_123' title='bbox 273 2773 304 2836; x_wconf 93' lang='lat' dir='ltr'>in</span> <span class='ocrx_word' id='word_1_124' title='bbox 337 2773 484 2855; x_wconf 82' lang='lat' dir='ltr'>physica,</span> <span class='ocrx_word' id='word_1_125' title='bbox 519 2773 662 2854; x_wconf 88' lang='lat' dir='ltr'>quoniam</span> <span class='ocrx_word' id='word_1_126' title='bbox 698 2790 803 2837; x_wconf 90' lang='lat' dir='ltr'>eorum</span> <span class='ocrx_word' id='word_1_127' title='bbox 835 2779 1015 2859; x_wconf 82' lang='lat' dir='ltr'>argumenta</span> <span class='ocrx_word' id='word_1_128' title='bbox 1036 2773 1158 2839; x_wconf 82' lang='lat' dir='ltr'>aliunde</span> 
     </span>
     <span class='ocr_line' id='line_1_21' title="bbox 58 2881 1157 2965; baseline -0.003 -19"><span class='ocrx_word' id='word_1_129' title='bbox 58 2887 220 2962; x_wconf 82' lang='lat' dir='ltr'>constant,</span> <span class='ocrx_word' id='word_1_130' title='bbox 253 2881 354 2945; x_wconf 92' lang='lat' dir='ltr'>minor</span> <span class='ocrx_word' id='word_1_131' title='bbox 382 2882 471 2946; x_wconf 91' lang='lat' dir='ltr'>huius</span> <span class='ocrx_word' id='word_1_132' title='bbox 494 2883 682 2964; x_wconf 86' lang='lat' dir='ltr'>quaestionis</span> <span class='ocrx_word' id='word_1_133' title='bbox 713 2901 784 2965; x_wconf 90' lang='lat' dir='ltr'>pars</span> <span class='ocrx_word' id='word_1_134' title='bbox 810 2883 907 2961; x_wconf 90' lang='lat' dir='ltr'>cadit)</span> <span class='ocrx_word' id='word_1_135' title='bbox 932 2889 993 2946; x_wconf 89' lang='lat' dir='ltr'>tum</span> <span class='ocrx_word' id='word_1_136' title='bbox 1017 2882 1056 2947; x_wconf 89' lang='lat' dir='ltr'>de</span> <span class='ocrx_word' id='word_1_137' title='bbox 1077 2900 1157 2946; x_wconf 59' lang='lat' dir='ltr'>nona</span> 
     </span>
     <span class='ocr_line' id='line_1_22' title="bbox 60 2991 1157 3073; baseline 0.002 -18"><span class='ocrx_word' id='word_1_138' title='bbox 60 2992 151 3056; x_wconf 91' lang='lat' dir='ltr'>nullis</span> <span class='ocrx_word' id='word_1_139' title='bbox 173 2991 332 3072; x_wconf 86' lang='lat' dir='ltr'>versibus,</span> <span class='ocrx_word' id='word_1_140' title='bbox 356 2992 427 3072; x_wconf 86' lang='lat' dir='ltr'>quin</span> <span class='ocrx_word' id='word_1_141' title='bbox 459 2992 519 3055; x_wconf 92' lang='lat' dir='ltr'>hnc</span> <span class='ocrx_word' id='word_1_142' title='bbox 538 2993 720 3073; x_wconf 87' lang='lat' dir='ltr'>pertineant,</span> <span class='ocrx_word' id='word_1_143' title='bbox 742 2991 824 3056; x_wconf 86' lang='lat' dir='ltr'>velut</span> <span class='ocrx_word' id='word_1_144' title='bbox 854 2993 893 3055; x_wconf 88' lang='lat' dir='ltr'>de</span> <span class='ocrx_word' id='word_1_145' title='bbox 915 3009 976 3056; x_wconf 85' lang='lat' dir='ltr'>vss.</span> <span class='ocrx_word' id='word_1_146' title='bbox 999 2991 1157 3072; x_wconf 83' lang='grc'><strong>366-68,</strong></span> 
     </span>
     <span class='ocr_line' id='line_1_23' title="bbox 57 3100 1160 3183; baseline 0 -17"><span class='ocrx_word' id='word_1_147' title='bbox 57 3102 130 3166; x_wconf 74' lang='lat'>428.</span> <span class='ocrx_word' id='word_1_148' title='bbox 157 3100 206 3180; x_wconf 73' lang='lat'>29,</span> <span class='ocrx_word' id='word_1_149' title='bbox 232 3100 391 3180; x_wconf 76' lang='lat' dir='ltr'>tto-43,</span> <span class='ocrx_word' id='word_1_150' title='bbox 419 3101 491 3165; x_wconf 80' lang='grc'><strong>445.</strong></span> <span class='ocrx_word' id='word_1_151' title='bbox 515 3100 566 3165; x_wconf 84' lang='lat' dir='ltr'>to.</span> <span class='ocrx_word' id='word_1_152' title='bbox 610 3103 721 3165; x_wconf 89' lang='lat' dir='ltr'>Verum</span> <span class='ocrx_word' id='word_1_153' title='bbox 745 3101 866 3183; x_wconf 91' lang='lat' dir='ltr'>quando</span> <span class='ocrx_word' id='word_1_154' title='bbox 889 3119 951 3166; x_wconf 92' lang='lat' dir='ltr'>non</span> <span class='ocrx_word' id='word_1_155' title='bbox 972 3101 1074 3166; x_wconf 90' lang='lat' dir='ltr'>omnia</span> <span class='ocrx_word' id='word_1_156' title='bbox 1094 3102 1160 3166; x_wconf 86' lang='lat' dir='ltr'>lra-</span> 
     </span>
     <span class='ocr_line' id='line_1_24' title="bbox 59 3211 1159 3295; baseline 0 -21"><span class='ocrx_word' id='word_1_157' title='bbox 59 3217 184 3295; x_wconf 77' lang='lat' dir='ltr'>gmenta</span> <span class='ocrx_word' id='word_1_158' title='bbox 196 3229 263 3275; x_wconf 87' lang='lat' dir='ltr'>eam</span> <span class='ocrx_word' id='word_1_159' title='bbox 272 3216 375 3275; x_wconf 92' lang='lat' dir='ltr'>notam</span> <span class='ocrx_word' id='word_1_160' title='bbox 387 3211 565 3293; x_wconf 88' lang='lat' dir='ltr'>impressam</span> <span class='ocrx_word' id='word_1_161' title='bbox 576 3211 698 3291; x_wconf 90' lang='lat' dir='ltr'>habent,</span> <span class='ocrx_word' id='word_1_162' title='bbox 716 3211 838 3295; x_wconf 83' lang='lat' dir='ltr'>longius</span> <span class='ocrx_word' id='word_1_163' title='bbox 851 3211 940 3276; x_wconf 92' lang='lat' dir='ltr'>etiam</span> <span class='ocrx_word' id='word_1_164' title='bbox 951 3211 1159 3295; x_wconf 75' lang='lat' dir='ltr'>progredien-</span> 
     </span>
     <span class='ocr_line' id='line_1_25' title="bbox 62 3320 1160 3406; baseline 0.002 -23"><span class='ocrx_word' id='word_1_165' title='bbox 62 3321 132 3384; x_wconf 91' lang='lat' dir='ltr'>dnm</span> <span class='ocrx_word' id='word_1_166' title='bbox 145 3320 511 3403; x_wconf 86' lang='lat' dir='ltr'>circumspiciendnmque</span> <span class='ocrx_word' id='word_1_167' title='bbox 523 3327 580 3402; x_wconf 91' lang='lat' dir='ltr'>est,</span> <span class='ocrx_word' id='word_1_168' title='bbox 595 3327 627 3384; x_wconf 89' lang='lat' dir='ltr'>ut</span> <span class='ocrx_word' id='word_1_169' title='bbox 640 3322 700 3385; x_wconf 88' lang='lat' dir='ltr'>iam</span> <span class='ocrx_word' id='word_1_170' title='bbox 712 3320 879 3401; x_wconf 68' lang='lat' dir='ltr'>ornamenti</span> <span class='ocrx_word' id='word_1_171' title='bbox 892 3320 1023 3402; x_wconf 79' lang='lat' dir='ltr'>aliquam</span> <span class='ocrx_word' id='word_1_172' title='bbox 1038 3337 1160 3406; x_wconf 77' lang='lat' dir='ltr'>cogna-</span> 
     </span>
     <span class='ocr_line' id='line_1_26' title="bbox 60 3430 1158 3514; baseline 0.002 -22"><span class='ocrx_word' id='word_1_173' title='bbox 60 3430 174 3494; x_wconf 88' lang='lat' dir='ltr'>tionem</span> <span class='ocrx_word' id='word_1_174' title='bbox 196 3431 411 3511; x_wconf 85' lang='lat' dir='ltr'>enucleemus,</span> <span class='ocrx_word' id='word_1_175' title='bbox 444 3430 529 3507; x_wconf 87' lang='lat' dir='ltr'>cuins</span> <span class='ocrx_word' id='word_1_176' title='bbox 553 3431 799 3510; x_wconf 86' lang='lat' dir='ltr'>necessitudine,</span> <span class='ocrx_word' id='word_1_177' title='bbox 835 3435 907 3511; x_wconf 89' lang='lat' dir='ltr'>quot</span> <span class='ocrx_word' id='word_1_178' title='bbox 926 3430 1098 3514; x_wconf 76' lang='lat' dir='ltr'>fragmenta</span> <span class='ocrx_word' id='word_1_179' title='bbox 1119 3430 1158 3494; x_wconf 91' lang='lat' dir='ltr'>ad</span> 
     </span>
     <span class='ocr_line' id='line_1_27' title="bbox 59 3538 1157 3623; baseline 0.005 -23"><span class='ocrx_word' id='word_1_180' title='bbox 59 3538 204 3601; x_wconf 80' lang='lat' dir='ltr'>lustratio</span> <span class='ocrx_word' id='word_1_181' title='bbox 225 3540 406 3622; x_wconf 85' lang='lat' dir='ltr'>pertineant,</span> <span class='ocrx_word' id='word_1_182' title='bbox 426 3540 689 3622; x_wconf 88' lang='lat' dir='ltr'>comprehendere</span> <span class='ocrx_word' id='word_1_183' title='bbox 712 3540 873 3622; x_wconf 87' lang='lat' dir='ltr'>possimus.</span> <span class='ocrx_word' id='word_1_184' title='bbox 918 3540 993 3604; x_wconf 92' lang='lat' dir='ltr'>Nam</span> <span class='ocrx_word' id='word_1_185' title='bbox 1017 3540 1056 3605; x_wconf 92' lang='lat' dir='ltr'>de</span> <span class='ocrx_word' id='word_1_186' title='bbox 1076 3540 1157 3623; x_wconf 81' lang='lat' dir='ltr'>play·</span> 
     </span>
     <span class='ocr_line' id='line_1_28' title="bbox 60 3648 1159 3732; baseline 0.003 -22"><span class='ocrx_word' id='word_1_187' title='bbox 60 3648 136 3711; x_wconf 90' lang='lat' dir='ltr'>sicis</span> <span class='ocrx_word' id='word_1_188' title='bbox 159 3665 200 3711; x_wconf 92' lang='lat' dir='ltr'>nc</span> <span class='ocrx_word' id='word_1_189' title='bbox 222 3648 303 3713; x_wconf 89' lang='lat' dir='ltr'>hanc</span> <span class='ocrx_word' id='word_1_190' title='bbox 324 3651 534 3731; x_wconf 88' lang='lat' dir='ltr'>quaestionem</span> <span class='ocrx_word' id='word_1_191' title='bbox 562 3649 752 3712; x_wconf 85' lang='lat' dir='ltr'>instituamus</span> <span class='ocrx_word' id='word_1_192' title='bbox 784 3665 850 3712; x_wconf 91' lang='lat' dir='ltr'>cum</span> <span class='ocrx_word' id='word_1_193' title='bbox 879 3648 968 3731; x_wconf 88' lang='lat' dir='ltr'>spatii</span> <span class='ocrx_word' id='word_1_194' title='bbox 990 3648 1159 3732; x_wconf 82' lang='lat' dir='ltr'>angustiae,</span> 
     </span>
     <span class='ocr_line' id='line_1_29' title="bbox 61 3757 1161 3840; baseline 0.002 -20"><span class='ocrx_word' id='word_1_195' title='bbox 61 3763 124 3821; x_wconf 86' lang='lat' dir='ltr'>turn</span> <span class='ocrx_word' id='word_1_196' title='bbox 144 3757 205 3822; x_wconf 87' lang='lat' dir='ltr'>troc</span> <span class='ocrx_word' id='word_1_197' title='bbox 225 3759 362 3840; x_wconf 82' lang='lat' dir='ltr'>inprimis</span> <span class='ocrx_word' id='word_1_198' title='bbox 385 3759 530 3839; x_wconf 86' lang='lat' dir='ltr'>deterret,</span> <span class='ocrx_word' id='word_1_199' title='bbox 555 3759 657 3840; x_wconf 86' lang='lat' dir='ltr'>quod,</span> <span class='ocrx_word' id='word_1_200' title='bbox 678 3775 756 3840; x_wconf 83' lang='lat' dir='ltr'>quae</span> <span class='ocrx_word' id='word_1_201' title='bbox 778 3759 857 3823; x_wconf 88' lang='lat' dir='ltr'>intra</span> <span class='ocrx_word' id='word_1_202' title='bbox 878 3775 984 3822; x_wconf 88' lang='lat' dir='ltr'>eorum</span> <span class='ocrx_word' id='word_1_203' title='bbox 1003 3758 1080 3822; x_wconf 88' lang='lat' dir='ltr'>lines</span> <span class='ocrx_word' id='word_1_204' title='bbox 1104 3777 1161 3822; x_wconf 89' lang='lat' dir='ltr'>oa-</span> 
     </span>
     <span class='ocr_line' id='line_1_30' title="bbox 61 3867 1160 3950; baseline -0.001 -20"><span class='ocrx_word' id='word_1_205' title='bbox 61 3867 137 3932; x_wconf 87' lang='lat' dir='ltr'>derc</span> <span class='ocrx_word' id='word_1_206' title='bbox 159 3867 280 3948; x_wconf 87' lang='lat' dir='ltr'>possint</span> <span class='ocrx_word' id='word_1_207' title='bbox 299 3885 423 3948; x_wconf 88' lang='lat' dir='ltr'>necne,</span> <span class='ocrx_word' id='word_1_208' title='bbox 446 3875 570 3950; x_wconf 83' lang='lat' dir='ltr'>propter</span> <span class='ocrx_word' id='word_1_209' title='bbox 590 3869 724 3950; x_wconf 83' lang='lat' dir='ltr'>ipsorum</span> <span class='ocrx_word' id='word_1_210' title='bbox 758 3867 983 3950; x_wconf 89' lang='lat' dir='ltr'>amplitudinem</span> <span class='ocrx_word' id='word_1_211' title='bbox 1004 3884 1067 3930; x_wconf 91' lang='lat' dir='ltr'>non</span> <span class='ocrx_word' id='word_1_212' title='bbox 1088 3867 1160 3932; x_wconf 87' lang='lat' dir='ltr'>licet</span> 
     </span>
     <span class='ocr_line' id='line_1_31' title="bbox 60 3975 1160 4062; baseline 0.003 -23"><span class='ocrx_word' id='word_1_213' title='bbox 60 3975 177 4058; x_wconf 83' lang='lat' dir='ltr'>liquido</span> <span class='ocrx_word' id='word_1_214' title='bbox 207 3975 370 4041; x_wconf 87' lang='lat' dir='ltr'>affirmare.</span> <span class='ocrx_word' id='word_1_215' title='bbox 424 3978 465 4041; x_wconf 82' lang='lat' dir='ltr'>At</span> <span class='ocrx_word' id='word_1_216' title='bbox 501 3978 667 4042; x_wconf 84' lang='lat' dir='ltr'>lustralium</span> <span class='ocrx_word' id='word_1_217' title='bbox 701 3983 911 4062; x_wconf 78' lang='lat' dir='ltr'>argumentum</span> <span class='ocrx_word' id='word_1_218' title='bbox 941 3985 971 4042; x_wconf 89' lang='lat' dir='ltr'>et</span> <span class='ocrx_word' id='word_1_219' title='bbox 1000 3977 1160 4042; x_wconf 91' lang='lat' dir='ltr'>consilium</span> 
     </span>
     <span class='ocr_line' id='line_1_32' title="bbox 62 4085 1158 4172; baseline 0.003 -23"><span class='ocrx_word' id='word_1_220' title='bbox 62 4086 156 4149; x_wconf 91' lang='lat' dir='ltr'>multo</span> <span class='ocrx_word' id='word_1_221' title='bbox 179 4085 338 4172; x_wconf 76' lang='lat' dir='ltr'>angustius</span> <span class='ocrx_word' id='word_1_222' title='bbox 363 4086 575 4169; x_wconf 86' lang='lat' dir='ltr'>definitiusque</span> <span class='ocrx_word' id='word_1_223' title='bbox 597 4089 703 4168; x_wconf 90' lang='lat' dir='ltr'>inisse,</span> <span class='ocrx_word' id='word_1_224' title='bbox 725 4094 831 4152; x_wconf 90' lang='lat' dir='ltr'>nostro</span> <span class='ocrx_word' id='word_1_225' title='bbox 854 4089 920 4152; x_wconf 90' lang='lat' dir='ltr'>iure</span> <span class='ocrx_word' id='word_1_226' title='bbox 946 4095 1158 4170; x_wconf 83' lang='lat' dir='ltr'>expectamus:</span> 
     </span>
     <span class='ocr_line' id='line_1_33' title="bbox 63 4186 1157 4280; baseline 0.005 -23"><span class='ocrx_word' id='word_1_227' title='bbox 63 4186 300 4276; x_wconf 77' lang='lat' dir='ltr'>quammam&#39;id</span> <span class='ocrx_word' id='word_1_228' title='bbox 322 4201 382 4260; x_wconf 92' lang='lat' dir='ltr'>tam</span> <span class='ocrx_word' id='word_1_229' title='bbox 398 4196 545 4261; x_wconf 88' lang='lat' dir='ltr'>incertum</span> <span class='ocrx_word' id='word_1_230' title='bbox 559 4197 658 4261; x_wconf 87' lang='lat' dir='ltr'>adhuc</span> <span class='ocrx_word' id='word_1_231' title='bbox 679 4197 821 4280; x_wconf 87' lang='lat' dir='ltr'>nullaque</span> <span class='ocrx_word' id='word_1_232' title='bbox 846 4216 864 4261; x_wconf 95' lang='lat' dir='ltr'>a</span> <span class='ocrx_word' id='word_1_233' title='bbox 885 4202 971 4279; x_wconf 85' lang='lat' dir='ltr'>parte</span> <span class='ocrx_word' id='word_1_234' title='bbox 994 4197 1157 4263; x_wconf 87' lang='lat' dir='ltr'>stabilitum</span> 
     </span>
     <span class='ocr_line' id='line_1_34' title="bbox 63 4296 1158 4389; baseline 0.004 -21"><span class='ocrx_word' id='word_1_235' title='bbox 63 4309 207 4386; x_wconf 84' lang='lat' dir='ltr'>vagatur,</span> <span class='ocrx_word' id='word_1_236' title='bbox 229 4311 279 4386; x_wconf 93' lang='lat' dir='ltr'>ut,</span> <span class='ocrx_word' id='word_1_237' title='bbox 303 4324 370 4370; x_wconf 88' lang='lat' dir='ltr'>cum</span> <span class='ocrx_word' id='word_1_238' title='bbox 388 4306 426 4371; x_wconf 88' lang='lat' dir='ltr'>de</span> <span class='ocrx_word' id='word_1_239' title='bbox 440 4307 587 4389; x_wconf 83' lang='lat' dir='ltr'>singulari</span> <span class='ocrx_word' id='word_1_240' title='bbox 605 4296 733 4389; x_wconf 86' lang='lat' dir='ltr'>quadam</span> <span class='ocrx_word' id='word_1_241' title='bbox 753 4326 788 4372; x_wconf 87' lang='lat' dir='ltr'>ne</span> <span class='ocrx_word' id='word_1_242' title='bbox 804 4307 898 4372; x_wconf 86' lang='lat' dir='ltr'>inisse</span> <span class='ocrx_word' id='word_1_243' title='bbox 920 4312 1158 4372; x_wconf 83' lang='lat' dir='ltr'>consentaneum</span> 
     </span>
     <span class='ocr_line' id='line_1_35' title="bbox 61 4400 1158 4502; baseline 0.003 -24"><span class='ocrx_word' id='word_1_244' title='bbox 61 4413 112 4498; x_wconf 87' lang='lat' dir='ltr'>sit,</span> <span class='ocrx_word' id='word_1_245' title='bbox 140 4430 181 4478; x_wconf 89' lang='lat' dir='ltr'>ne</span> <span class='ocrx_word' id='word_1_246' title='bbox 201 4414 293 4482; x_wconf 89' lang='lat' dir='ltr'>molta</span> <span class='ocrx_word' id='word_1_247' title='bbox 314 4415 487 4500; x_wconf 85' lang='lat' dir='ltr'>temptando</span> <span class='ocrx_word' id='word_1_248' title='bbox 507 4436 525 4481; x_wconf 91' lang='lat' dir='ltr'>a</span> <span class='ocrx_word' id='word_1_249' title='bbox 547 4400 669 4502; x_wconf 77' lang='lat' dir='ltr'>reipsa</span> <span class='ocrx_word' id='word_1_250' title='bbox 687 4414 876 4500; x_wconf 85' lang='lat' dir='ltr'>aberremus,</span> <span class='ocrx_word' id='word_1_251' title='bbox 894 4417 935 4484; x_wconf 88' lang='lat' dir='ltr'>sit</span> <span class='ocrx_word' id='word_1_252' title='bbox 954 4416 1158 4494; x_wconf 86' lang='lat' dir='ltr'>metuendum.</span> 
     </span>
    </p>
   </div>
   <div class='ocr_carea' id='block_1_10' title="bbox 0 0 1399 4936">
    <p class='ocr_par' dir='ltr' id='par_1_12' title="bbox 0 0 1399 4936">
     <span class='ocr_line' id='line_1_36' title="bbox 0 0 1399 4936; baseline 0 0"><span class='ocrx_word' id='word_1_253' title='bbox 0 0 1399 4936; x_wconf 95' lang='lat' dir='ltr'> </span> 
     </span>
    </p>
   </div>
  </div>
 </body>
</html>
