2796 4942
583 374 790 436 ..10-

149 553 375 621 demonstrarot
396 551 493 618 luisse
514 551 753 636 Empedoclem
786 550 889 632 idem,
910 553 944 617 ut
963 547 1095 631 videtur,
1118 553 1152 616 et
1170 549 1250 619 Plu·

150 663 278 731 verinus
298 662 408 742 (itus
430 658 548 738 οὖτούς
566 662 601 727 δὲ
621 661 750 737 τούτους
763 657 840 737 τούς
858 656 1064 744 Καθαρμούς
1084 659 1119 727 ἓν
1134 660 1251 744 'olom

123 804 124 808 =
147 769 206 857 ιιιόι
226 767 499 862 διαῤῥαψφδῆοοι
520 771 845 883 λέγεταιτξλοομέοηο
869 767 926 835 τὸν
945 763 1113 858 ῥαψῳδόν,
1134 768 1179 844 ὥς
1199 769 1251 835 κατ’

154 881 343 966 Φαβωρῖνος
368 883 403 947 tv
423 878 746 965 οἰιομοημοοιιΐμιιοι)
768 898 787 945 a
810 879 976 945 Cleomene
997 877 1157 960 rhapsodo
1178 893 1252 961 pro-

148 990 284 1055 nuntiata
305 1008 376 1057 esse
387 990 546 1075 olympiae
567 987 746 1071 retulerunt,
770 988 822 1055 cui
840 988 889 1055 rei
904 988 982 1053 tides
995 1001 1064 1053 cum
1077 986 1249 1070 Xenopha-

147 1093 197 1159 nis
219 1092 419 1161 similitudine
450 1104 497 1178 [v.
517 1094 658 1163 Karsten.
690 1093 832 1176 Xenoph.
859 1112 888 1178 p.
905 1098 959 1174 ll)
983 1101 1046 1162 tum
1065 1094 1248 1163 Dicaearchi

147 1202 324 1269 testimonio
347 1200 607 1285 (solemma
630 1202 732 1286 p-620
754 1200 830 1278 roric
851 1207 887 1269 δὲ
907 1204 1153 1287 Ἐμπεδοκλέους
1176 1205 1248 1268 Κα-

145 1309 292 1395 θορμούς
315 1310 548 1398 s’p'p‘opqidqosv
569 1307 761 1391 Ὀλυμπίασι
786 1309 1002 1397 Κλεομένηςό
1028 1307 1192 1399 ῥαψῳδός,
1208 1304 1249 1388 ὥς

147 1443 226 1507 φησι
254 1422 452 1504 Δικαίαρχος
482 1420 516 1482 ἐν
538 1421 594 1513 ,τῷ
619 1419 813 1509 Ὀλυμπικῷ)
844 1421 1047 1501 conciliatum
1080 1421 1248 1505 Appuleius

145 1547 241 1613 porro
262 1528 353 1613 spot
373 1547 402 1612 p.
425 1529 485 1594 291
510 1530 632 1616 magiae
655 1529 752 1596 luisse
773 1537 915 1613 suspectu
929 1531 1031 1613 tradit,
1055 1531 1106 1595 oui
1126 1531 1248 1598 adden-

145 1637 203 1705 dus
226 1640 385 1706 cedrenus
406 1640 462 1705 tt
490 1659 519 1721 p.
546 1641 606 1706 157
638 1642 857 1724 περιττολογίας
889 1640 935 1704 eis
963 1640 1248 1721 tribueu831'hilo-

146 1738 259 1816 suasus
275 1750 438 1834 appellavit
455 1742 575 1830 ῧμοοος
592 1743 634 1824 ὥς
652 1746 728 1824 θεὸς
744 1750 776 1827 ἐξ
797 1749 971 1834 οιόθροότιοο
984 1746 1089 1815 ἔσοιτο
1104 1770 1134 1815 v.
1147 1751 1247 1835 Apoll.

148 1862 179 1942 8,
201 1861 233 1942 7,
255 1858 356 1941 θ’(οῐ.
378 1878 424 1925 vs.
447 1859 527 1938 355)
549 1861 781 1943 composuitque
804 1877 871 1925 oum
898 1860 1090 1946 Pythagorae
1111 1859 1248 1926 lustrali·

146 1970 204 2036 bus
227 1967 276 2052 (6,
295 1971 326 2051 5,
348 1967 391 2037 34
413 1961 474 2034 ὅσα
493 1970 532 2034 Ἐ.
551 1971 606 2033 καί
626 1967 828 2053 Πυθαγόρας
848 1965 929 2052 ὑπὲρ
950 1971 1137 2055 καθαρσίων
1160 1972 1248 2052 νομί·

130 2080 276 2159 ‚ccccm
293 2079 377 2145 'llreo
400 2079 534 2161 denique
564 2079 750 2163 Smyrnaeus
779 2079 811 2142 iu
841 2078 1024 2162 exponenda
1054 2080 1176 2146 numeri
1196 2099 1249 2147 se-

146 2189 279 2274 plenarii
296 2194 405 2255 neura
438 2186 473 2253 τὸ
497 2189 575 2273 γοῦν
597 2191 735 2275 βρέφος,
756 2189 864 2272 inquit,
884 2190 975 2253 doust
990 2191 1195 2255 τελειοῦσθαι
1215 2193 1247 2255 ds

145 2300 227 2367 ἓτιτα
248 2289 443 2381 ἕβδόμοσιο,
466 2297 510 2371 οὖς
530 2293 573 2362 Ἢ.
598 2299 765 2362 αἰνίττεται
793 2295 828 2362 ἒν
851 2304 917 2373 τοῖς
938 2302 1137 2388 καθαρμοῖς,
1160 2317 1246 2383 quem

146 2425 255 2473 errore
275 2405 431 2471 inductum
458 2424 515 2489 pro
546 2412 694 2491 φυσικοῖς
726 2407 903 2471 nominasse
929 2405 1118 2492 καθορμούς
1141 2409 1245 2475 ells-

146 2516 246 2582 tancti
267 2516 395 2601 physice
415 2516 541 2583 decreta
556 2516 721 2582 referentis
740 2517 818 2600 plac.
839 2516 912 2599 phil.
926 2517 964 2598 V,
977 2519 1013 2581 2¹
1037 2517 1170 2584 efficies.
1191 2518 1242 2585 Vi·

88 2659 91 2665 ·
147 2626 202 2692 des
223 2643 283 2709 qua
306 2626 549 2691 testimoniorum
572 2633 603 2691 et
624 2628 777 2710 paucitate
798 2633 829 2691 et
849 2625 984 2691 exilitate
1005 2626 1084 2691 llaec
1104 2630 1234 2711 quassu

147 2733 280 2816 laboret,
302 2735 335 2798 in
356 2736 464 2816 quibus
487 2755 555 2801 cum
581 2738 825 2821 acquiescerent,
848 2737 898 2820 qui
922 2756 990 2802 eam
1012 2754 1111 2820 nuper
1135 2743 1242 2806 uecta·

31 2928 35 2935 ι
148 2847 279 2927 runtt),
299 2863 449 2930 vagarum
470 2846 646 2929 opinionum
668 2865 732 2912 non
744 2845 932 2932 transgressi
945 2851 1015 2911 sunt
1033 2846 1242 2915 infirmitatem.

147 2957 340 3039 Quapropter
367 2957 480 3022 nullam
516 2956 678 3039 perdemus
706 2975 831 3040 operam
865 2957 986 3020 illorum
1015 2956 1055 3020 de
1085 2956 1148 3022 hoc
1178 2959 1243 3023 Ιοαο

146 3064 315 3156 sententias
337 3065 523 3147 enarrando,
546 3066 626 3130 hanc
646 3082 737 3131 unam
760 3066 841 3130 viam
862 3066 922 3130 rati
945 3065 1109 3147 salubrem,
1132 3073 1178 3149 ut,
1199 3068 1245 3131 in·

149 3180 242 3239 venta
264 3179 350 3238 certa
371 3192 480 3240 norma
505 3180 535 3240 et
553 3177 679 3262 regulo,
713 3194 773 3258 qua
795 3177 1037 3261 fragmentorum
1060 3175 1244 3262 farraginem

148 3283 300 3367 possimus
318 3283 497 3349 discernere
512 3290 602 3367 atque
619 3285 799 3350 interemto
821 3287 956 3352 carmina
970 3285 1168 3368 distribuere,
1188 3293 1244 3351 tum

149 3392 282 3475 denique
315 3392 354 3457 de
376 3400 578 3480 argumento,
602 3395 749 3477 consilio,
784 3397 883 3460 lorma
917 3396 1076 3478 utriusque
1097 3396 1245 3482 integram

150 3502 379 3569 institueremus
402 3503 647 3585 disputationem.
690 3505 791 3586 Atque
811 3505 885 3568 illud
907 3522 988 3568 nunc
1009 3505 1189 3591 perfungar,
1211 3525 1246 3570 ne

147 3613 261 3678 rationi
281 3619 406 3678 nostrae
429 3613 612 3696 disponendi
643 3630 733 3679 omne
762 3615 843 3680 desit
864 3613 1069 3696 praesidium:
1103 3615 1166 3680 hoc
1187 3632 1247 3681 non

150 3721 377 3809 segregandum
393 3741 411 3786 a
427 3721 586 3786 doctrinae
598 3723 800 3789 ¹enarratione
821 3723 1000 3804 propediem
1019 3742 1246 3808 persequemur.

248 3832 430 3914 Disputaudi
461 3838 560 3896 autem
593 3832 711 3896 initium
733 3839 766 3895 ut
794 3853 812 3897 a
838 3839 921 3899 certa
945 3851 980 3897 re
1002 3852 1125 3900 sumere
1146 3836 1249 3918 possi-

149 3957 227 4020 mus,
244 3938 462 4023 percommode
476 3937 600 4021 accidit,
622 3939 703 4020 quod
716 3938 882 4005 lustralium
898 3941 1079 4026 principium
1093 3962 1158 4010 non
1172 3963 1250 4030 pau·

146 4101 446 4116 m

249 4204 280 4275 ⁴t)
299 4201 465 4268 ldnllaelrius,
480 4218 558 4272 quem
576 4203 609 4258 do
622 4207 757 4274 prooemio
768 4205 935 4275 Empedoclis
950 4209 1069 4276 proximo
1087 4224 1158 4263 anuo
1176 4225 1252 4264 com·

148 4301 336 4354 mentatiouem
356 4299 470 4357 edidisse
495 4300 593 4370 andivi,
612 4303 674 4374 quid
698 4304 732 4357 de
764 4304 814 4359 lnao
840 4320 870 4358 ro
896 4306 1008 4376 iudicet,
1026 4307 1087 4376 quia
1104 4306 1178 4362 illam
1198 4324 1251 4363 non

149 4397 234 4469 uulgi,
251 4397 352 4455 nescio.
