2782 4936
177 519 234 602 μοί
255 520 301 595 εἰς
328 512 387 603 δπη
408 518 547 584 τείνουσι
565 514 823 600 πεντακιςχιλια,
850 515 867 580 ὅ
889 516 926 584 dt
955 514 1095 603 ἰατρικός
1122 513 1213 603 λάγος
1233 520 1279 597 είς

179 625 240 712 ἔπη
260 623 425 708 ἑξακόσια·
467 628 543 711 περὶ
571 626 608 690 δὲ
626 627 689 690 τοῖν
710 629 896 714 τραγῳδιῶν
924 626 1164 713 προειρήκαμεν,
1187 629 1277 696 haim

178 761 203 806 s.
229 759 264 803 v:
295 734 419 822 ἔγραψε
442 738 483 801 δι’
519 733 604 801 ἐπάν
625 737 703 819 περί
735 733 864 821 φάσεως
899 736 959 801 τῶν
987 727 1085 802 ὄντων
1112 737 1221 819 βιβλία
1239 740 1277 822 γ’.

178 847 233 914 καί
252 844 338 913 ἔστιν
359 841 418 930 ἔπη
447 841 491 921 οἷς
511 846 667 927 διςχίλια·
699 839 828 927 ἰατρικά
859 842 1098 930 καταλογάδηνι
1127 847 1279 929 quibuse

178 957 350 1023 coniunctis
378 972 459 1039 quae
488 953 631 1036 procudit
666 953 805 1019 Eudocla
839 971 868 1036 p.
892 953 952 1019 169
980 970 1149 1039 erroreque
1181 958 1275 1022 foedo

178 1064 323 1152 (ἰατρικά
345 1067 455 1148 βιβλία
476 1059 529 1144 ἔξ)
551 1063 725 1145 maculavit,
747 1063 891 1148 neglego.
935 1064 1036 1146 Atque
1056 1060 1148 1147 λόγον
1170 1067 1276 1152 ἰατρι-

177 1175 234 1242 κὸν
255 1196 274 1242 a
294 1177 435 1260 Diogene
455 1178 655 1241 memoratum
682 1184 769 1250 (nam
802 1173 921 1240 codicis
942 1172 1191 1243 vindobonensis
1211 1178 1277 1245 eiua

176 1288 358 1354 memoriam
375 1285 544 1350 omittentis
563 1300 718 1367 neonem
738 1283 849 1350 credas
872 1284 905 1348 i'n
926 1284 987 1349 troc
1011 1284 1186 1354 habendam
1205 1306 1276 1355 csse

176 1398 340 1478 rationem,
362 1396 445 1463 scias
466 1394 597 1459 eundem
620 1400 726 1476 operto
745 1394 858 1459 mendo
882 1411 938 1478 pro
959 1398 1199 1481 πενεοκιςχίλιο.
1217 1418 1276 1465 ex-

176 1508 286 1573 hibere
309 1503 515 1583 πεντακόσια)
537 1520 607 1568 eum
628 1504 723 1590 igitur
741 1500 830 1587 λόγον
851 1520 915 1568 non
937 1506 1088 1588 uersibus,
1108 1506 1165 1571 sed
1184 1524 1277 1591 prosc

177 1619 319 1684 oratione
336 1618 543 1701 conscriptum
556 1615 663 1696 luisse,
686 1622 748 1680 mm
768 1615 938 1681 luculenter
952 1616 1062 1682 suidas
1082 1622 1221 1700 testatur,
1246 1626 1280 1683 nt

134 1742 146 1760 ‘
174 1728 355 1795 Karstenius
376 1726 457 1793 haud
478 1726 520 1799 sit
539 1725 721 1802 audiendus,
744 1725 806 1808 qui,
830 1742 899 1789 cum
921 1725 1048 1791 fontium
1073 1728 1282 1794 diversitatem

178 1857 242 1903 mon
261 1837 485 1921 perspexisset,
517 1855 536 1900 e
556 1835 706 1921 Diogenis
741 1830 823 1922 λόγῳ
844 1835 958 1901 Suiduc
980 1832 1198 1922 καταλογάδην
1217 1839 1275 1905 de-

175 1954 293 2013 tonsum
316 1967 355 2013 ac
382 1946 580 2031 depravatum
603 1962 674 2010 osse
702 1946 875 2028 suspicatus
904 1951 953 2009 est
973 1964 1011 2010 ae
1034 1946 1179 2011 continuo
1202 1966 1276 2024 car·

176 2075 248 2122 men
269 2057 302 2121 id
326 2056 425 2121 luisse
440 2055 609 2135 contendit,
630 2055 714 2134 huic,
739 2054 994 2134 credo‚·muxime
1009 2054 1132 2122 innixus
1152 2057 1300 2140 rationi*

176 2167 259 2250 quod
280 2161 339 2251 ἔπη
361 2166 423 2230 nisi
445 2165 485 2229 de
504 2165 646 2229 versibus
669 2164 812 2246 usurpari
826 2181 890 2228 non
908 2171 1046 2247 putaret:
1071 2166 1158 2230 cuius
1179 2169 1279 2232 ratio-

177 2277 226 2342 nis
244 2277 305 2342 vim
326 2276 444 2340 diluunt
467 2292 546 2358 quae
576 2275 616 2340 de
649 2274 762 2356 duplici
786 2273 820 2337 in
837 2273 985 2339 librorum
1018 2275 1168 2363 catalogis
1188 2277 1277 2343 vocis

177 2391 245 2453 eius
267 2385 325 2453 usu
340 2387 501 2473 congessit
522 2385 858 2468 exemplallitschelius
874 2385 894 2448 l.
907 2385 928 2450 l.
949 2402 979 2468 p.
995 2386 1065 2452 llll.
1108 2387 1174 2452 Nec
1189 2405 1277 2471 vcro,

180 2502 214 2560 ut
236 2496 334 2561 visum
355 2502 404 2562 ost
422 2497 605 2578 lienteum,
635 2495 811 2578 respexisse
837 2494 988 2560 eiusmodi
1009 2512 1134 2560 carmen
1153 2496 1278 2562 Aristo-

177 2606 268 2671 telem
287 2612 369 2689 poet.
393 2606 417 2688 Ι,
442 2608 459 2670 l
495 2600 542 2683 (oi
562 2597 737 2689 nirdpconoi
756 2626 792 2688 γε
822 2607 1031 2679 συνάπτοντος
1054 2606 1220 2694 epipiscopi
1241 2605 1275 2672 τά

176 2721 280 2779 ποιεῖν
300 2711 543 2798 ἐλεγειοποιοδς,
566 2711 644 2790 τούς
665 2715 701 2778 δὲ
715 2710 885 2788 ίποποιυάς
904 2705 1128 2794 ὀνομάζουσιν,
1150 2713 1213 2798 οάχ
1234 2714 1277 2792 ὥς

175 2822 252 2900 τούς
271 2819 349 2888 κατά
374 2825 509 2908 μίμησιν
521 2821 664 2908 ποιητάς,
684 2819 764 2887 άλλοὶ
786 2824 875 2910 κοινῇ
898 2817 978 2886 κατά
995 2817 1032 2886 τά
1052 2823 1168 2905 μέτρον
1182 2845 1279 2906 προς.

174 2934 393 3017 αγορεάοντες.
445 2936 501 2998 καί
519 2931 582 3017 γάρ
611 2925 652 2999 άν
675 2930 819 3018 ἰατρικὸν
847 2924 869 3013 ἢ
895 2928 1049 3013 μουσικόν
1070 2952 1102 2993 τι
1135 2928 1188 2994 διά
1210 2932 1275 2999 τάν

175 3045 304 3127 μέτρων
326 3043 520 3128 ἐκφέρουσιν,
550 3038 634 3108 οάτοο
655 3047 763 3107 καλεῖν
783 3038 948 3106 alesacis.
1000 3037 1095 3104 ου’δὲν
1115 3041 1152 3104 δὲ
1173 3037 1277 3108 κοινάν

176 3154 265 3217 ἐστιν
280 3145 409 3240 Ὁμήρῳ
436 3155 492 3216 καί
511 3151 713 3235 Ἐμπεδοκλεῖ
734 3147 816 3235 πλὴν
843 3145 878 3214 τά
897 3149 1020 3234 μέτρον.
1075 3146 1124 3213 διδ
1147 3148 1278 3232 τὸνμὲν

176 3258 313 3346 ποιητὴν
332 3263 454 3328 δίκαιον
469 3269 586 3348 καλεῖν,
604 3259 656 3326 τὸν
679 3262 715 3326 δὲ
730 3260 922 3347 φυσιολόγον
943 3259 1064 3340 μάλλον
1083 3255 1105 3345 ἢ
1126 3258 1277 3345 ποιητὴν)

175 3378 304 3456 propter
324 3373 414 3437 huius
441 3373 480 3437 de
501 3374 623 3461 poetica
644 3372 739 3437 libelli
764 3372 855 3437 nimis
877 3372 1082 3437 contractior
1109 3372 1204 3437 luxati
1225 3374 1276 3436 in-

177 3481 281 3546 dolem
302 3481 447 3547 affirmari
464 3488 576 3564 potest,
599 3487 631 3545 et
652 3481 794 3563 debebat,
818 3481 845 3546 si
864 3481 996 3548 maxime
1017 3481 1213 3564 Empedoclis
1236 3483 1275 3548 de

177 3597 245 3656 arte
267 3590 387 3655 medica
421 3610 547 3656 carmen
568 3591 706 3674 intellegi
741 3591 883 3672 volebat,
918 3591 1070 3657 medicum
1091 3591 1191 3671 lunc,
1212 3609 1276 3656 non

175 3700 392 3784 physiologum
416 3701 580 3783 appellare
623 3699 779 3777 Quocirca
799 3718 817 3763 a
847 3699 916 3764 talls
938 3701 1043 3781 scripti
1063 3699 1149 3764 titulo
1168 3699 1276 3765 seiun-

175 3809 273 3893 gendi
292 3815 362 3872 sunt
383 3826 504 3890 versus,
527 3826 604 3892 quos
626 3808 805 3875 Karstenius
827 3824 866 3872 eo
899 3824 1079 3890 quamquam
1100 3807 1276 3874 dubitanter

176 3918 290 3998 retulit,
322 3918 412 4001 Diog.
434 3920 513 4000 vill,
533 3920 591 3984 59:
622 3920 731 3986 τοῦτον
763 3920 810 3997 (Γ
807 3920 930 4003 οργίαν)
960 3919 1057 4002 φησίν
1087 3915 1104 3981 δ
1132 3914 1276 4006 Σάτυρος

176 4029 279 4110 λέγειν
301 4025 344 4103 ὥς
367 4024 465 4104 αάτδς
486 4028 603 4113 παρείη
623 4028 667 4116 τῷ
685 4027 889 4110 Ἐμπεδοκλεῖ
902 4024 1092 4111 γοητεύοντι.
1114 4024 1197 4092 άλλά
1220 4030 1277 4092 καί

178 4131 275 4199 αάτόν
296 4133 350 4200 διά
372 4137 435 4198 τῶν
454 4134 640 4221 ποιημάτων
661 4137 913 4220 ἐπαγγέλλεσθαι
943 4129 1037 4201 τοῦτο’
1057 4157 1091 4200 τε
1113 4137 1169 4201 καί
1189 4125 1271 4200 ἄλλα

178 4247 287 4328 πλείου,
309 4247 352 4309 δι’
371 4235 416 4311 οἷν
435 4265 532 4331 φησι·
