2782 4936
498 85 707 155 ..w-

50 263 202 344 inauditi;
226 262 287 330 duo
308 267 408 328 autem
432 261 675 343 compellationis
703 259 864 325 formulam
884 258 935 325 rel
953 262 1055 325 hano:
1077 256 1155 347 φίλη

15 416 29 431 ·
52 369 178 459 κεφαλὴ
200 373 252 439 vel
270 368 366 437 hanc:
388 365 495 452 ἑταῖρε
527 348 692 437 exhibeant
712 375 766 452 *ti
793 373 825 435 in
852 387 913 433 uno
933 386 1026 450 porro
1045 390 1064 435 a
1085 368 1155 433 lor-

50 481 136 549 mula
156 471 261 562 ἑταῖρε
291 479 436 543 transitus
467 478 519 542 liat
552 477 591 543 ad
614 478 738 573 alterius
769 479 859 543 amici
881 496 994 544 nomen
1015 496 1155 564 pronun·
1224 516 1227 524 ·

51 589 193 657 tiendum
211 591 281 670 aa),
324 589 424 671 Atque
446 597 507 655 tam
538 589 651 674 exiguo
673 607 816 655 versuum
837 608 964 656 numero
987 608 1055 655 cum
1077 606 1156 654 eon·

51 701 159 771 silium
192 706 303 782 poetae
325 700 447 782 pateliat
477 700 693 779 discernendi,
717 699 756 765 ad
785 706 884 765 utrum
918 701 1054 786 dirigere
1085 699 1158 764 velit

55 813 246 877 orationem:
275 825 335 892 quo
367 810 428 874 hoc
461 829 535 875 ccsu
566 810 679 875 iactum
700 810 877 891 credemus,
905 816 937 874 ut
962 811 994 875 in
1015 810 1156 876 versibus

54 921 184 1004 amplius
198 919 364 1000 trecentis,
388 937 455 982 cum
476 919 657 1000 saepissime
685 920 833 984 adunam
855 936 1019 1001 personam
1040 936 1076 983 se
1100 937 1156 984 ec-

56 1030 240 1096 eomodaret
260 1029 371 1113 oratio,
392 1046 539 1111 nusquam
554 1030 614 1094 ulla
630 1030 679 1094 vel
702 1031 824 1096 minima
837 1030 941 1095 notula
962 1028 1158 1113 significare-

57 1147 118 1221 tur,
138 1147 236 1205 utere
249 1138 367 1204 duobus
387 1139 493 1203 amicis
505 1146 588 1204 esset
606 1138 853 1223 intellegendus?
874 1138 995 1203 Erravit
1017 1138 1157 1220 prolecto

57 1249 185 1330 quilroc
207 1248 267 1313 sibi
279 1248 431 1330 persuasit
446 1248 580 1330 aliisque.
588 1249 775 1331 persuadere
796 1249 928 1314 studuit:
953 1265 1156 1313 decertasse

57 1376 128 1423 eum
148 1364 194 1421 tot
211 1357 314 1423 verbis
335 1357 520 1438 docuissem,
541 1358 600 1423 nisi
622 1376 659 1423 eo
682 1376 789 1423 errore
814 1376 934 1424 omnem
954 1355 1157 1423 distribuendi

57 1465 209 1533 rationem
240 1464 432 1546 pessumdari
452 1465 600 1530 viderem.

144 1589 261 1669 Quodsi
273 1590 401 1672 pusillae
415 1590 462 1654 rei
479 1589 622 1673 longiore
637 1590 829 1672 expositione
848 1590 950 1673 adepti
971 1608 1074 1657 sumus
1091 1604 1155 1655 non

57 1704 111 1763 aut
121 1698 261 1765 fallacem
273 1705 377 1764 notam
389 1705 440 1764 aut
451 1699 624 1780 obscuram,
634 1718 692 1781 qua
706 1701 796 1764 ambo
807 1701 941 1765 carmina
953 1701 995 1764 ita
1004 1699 1157 1782 possimus

53 1807 282 1888 discriminare,
292 1814 336 1888 ut,
347 1809 397 1890 qui
408 1826 517 1872 versus
528 1808 656 1890 plurium
667 1809 822 1880 hominum
835 1810 1066 1892 appellationem
1078 1825 1158 1874 con-

58 1918 165 1997 tinent,
178 1934 234 1982 eos
258 1917 295 1980 ad
316 1916 463 1997 lustralia,
486 1918 536 1998 qui
548 1919 650 1997 unius,
674 1918 714 1982 ad
734 1919 861 2001 physica
881 1920 1069 1984 referamus:
1092 1935 1155 1983 non

56 2027 132 2092 licet
145 2032 249 2091 tamen
261 2025 345 2107 prius
362 2025 520 2108 progredi,
538 2040 627 2108 quam
645 2028 852 2108 aperuerimus
867 2028 994 2092 alterum
1006 2015 1155 2109 errorem,

57 2137 113 2217 qui
133 2154 201 2200 cum
224 2153 332 2200 errore
355 2135 395 2198 de
421 2135 557 2216 pluribus
590 2154 645 2217 per
671 2137 799 2219 physica
831 2139 1018 2220 compellatis
1046 2155 1158 2220 perso·

60 2246 111 2310 nis
134 2246 311 2310 coniunctus
333 2251 389 2310 est.
433 2246 530 2321 Quem
554 2264 573 2310 a
593 2246 803 2328 superioribus
825 2255 982 2331 acceptum
1003 2247 1154 2334 Berpiius

67 2440 342 2450 m...—

52 2563 335 2633 mmmmm

256 2689 282 2742 ελ
301 2685 327 2740 ό*
348 2686 450 2747 ἐθέλεις
467 2688 516 2740 sci
534 2687 617 2742 τοῦτο
637 2686 786 2760 δαήμεναι,
806 2683 828 2741 τό
851 2690 918 2760 φλλε
934 2690 1046 2760 Μόσχε,

257 2778 355 2842 ὅντινα
369 2784 425 2855 χρή
446 2798 478 2839 σε
496 2783 605 2856 τρόπον
625 2789 719 2852 νεῖνιρν
736 2784 880 2842 διαθεῖναι
899 2786 1012 2858 ἄριστα.

53 2901 325 2972 mmpmm

258 3031 308 3082 καῖ
326 3028 420 3099 λεβίαν
437 3029 511 3099 laps,
531 3026 641 3100 Μόσχε,
660 3021 708 3084 τόν
730 3025 839 3096 ἥπατον
857 3030 888 3088 ἐν
906 3032 1081 3106 περικλύστῳ

256 3123 336 3197 Δήλῳ
352 3127 401 3179 ιιαλ
423 3124 512 3198 Τιίνρι.

157 3242 472 3312 mmmwsmm

223 3350 227 3357 ’
256 3362 323 3420 ἄλλο
343 3362 369 3420 δ’
388 3367 486 3432 ἐκεῖσε,
505 3367 573 3439 epila
586 3367 701 3440 κεφαλή,
717 3367 807 3442 μηδὲν
820 3367 1017 3446 ’προτενέγαρρ

56 3483 342 3551 mmmmm

490 3584 632 3640 ixrtroed
651 3589 733 3653 aicta,
751 3587 855 3662 ἑταῖρε,

261 3665 313 3744 τὴν
337 3674 439 3751 ἀρετὴν
458 3684 624 3754 θαυμαστοί

159 3789 207 3861 ”J
226 3789 266 3843 ld.
287 3789 332 3845 vll
349 3805 376 3858 p·
396 3791 449 3846 322
466 3791 503 3844 G:

256 3901 422 3991 αὐτόρτόν
443 3907 598 3971 σινόδοντα
615 3916 678 3987 μέν,
699 3912 734 3972 ὃν
756 3916 826 3984 ζήτει
843 3908 940 3992 παχόν
964 3921 1046 3991 εἶναι,

254 4009 285 4064 λιι
304 4008 439 4083 πορθμοῦ
459 4009 490 4064 δὲ
507 4013 603 4081 λαβεῖν
622 4012 715 4084 πειρῶ
734 4016 783 4068 καῖ
799 4015 909 4084 τοῦτον,
927 4017 1034 4093 ἑταῖρε·

255 4107 344 4164 ταῦτα
366 4107 397 4164 dt
410 4110 503 4166 πόντα
522 4106 601 4184 κυροῖ
620 4111 740 4185 φρῖξαν
758 4107 896 4187 καὶπρὸς
915 4117 956 4185 σέ,
974 4119 1103 4180 Κλέαινε.
