2796 4942
705 410 912 471 ..18-

256 604 426 654 sctnroncm
449 586 491 651 od
510 587 602 651 olium
621 583 661 649 ab
693 586 755 649 olio
776 587 999 665 convertimus,
1017 583 1118 666 pricio
1133 603 1254 652 -norncn
1269 588 1351 671 mi·

256 718 344 780 mr,
366 699 472 763 οοίοοο
491 716 681 779 prorromcu,
702 696 808 760 deiude
826 696 1027 776 particulam)
1049 698 1241 765 auctoritate
1261 700 1351 779 nixus,

263 810 448 876 devolantis
468 810 590 892 quidem
610 814 704 872 totam
720 810 787 873 rim
799 806 972 888 complecti.
1014 808 1115 889 Atque
1138 809 1216 889 quid
1240 809 1351 873 lunden

260 920 411 1003 probibet,
434 918 595 1001 quominus
607 917 659 981 illo
682 934 774 981 versu
794 914 886 980 simili
906 916 999 979 modo
1021 916 1188 981 nonnullos
1215 922 1352 1001 exceptor

258 1047 330 1093 esse
350 1028 507 1109 dicamus,
538 1045 599 1109 quo
620 1033 671 1105 (ut
699 1046 717 1090 e
739 1025 840 1089 multis
869 1024 987 1091 illustre
1014 1026 1186 1108 exemplum
1206 1033 1350 1109 mm)

259 1138 429 1203 Promethei
441 1138 635 1222 Aeschyleae
647 1139 763 1220 primos
779 1137 857 1202 duos
875 1136 988 1201 tertio?
1030 1136 1107 1200 Nun
1126 1152 1170 1201 ne
1190 1152 1266 1201 eun
1283 1152 1351 1200 urr-

258 1266 324 1312 sum
344 1248 582 1331 praemittamus,
606 1266 694 1328 quam
708 1267 724 1311 a
738 1248 909 1329 Hippoboto
922 1246 1101 1328 Empedocli
1121 1246 1272 1311 tributum
1285 1260 1351 1311 cnr

259 1358 418 1445 Diogenes
440 1362 526 1424 notul
546 1357 624 1439 viil,
646 1357 688 1422 43
704 1350 884 1438 Ἱππόβοτός
908 1358 943 1438 ya'
962 1357 1009 1421 soi
1029 1379 1109 1442 φησι
1130 1358 1238 1440 λέγειν
1252 1355 1350 1439 Ἑμπε·

259 1468 374 1533 duella

466 1573 635 1660 Τήλαυγες,
656 1575 750 1638 κλυτὲ
774 1576 868 1654 κοῦρε
892 1574 1034 1648 Θεανοῦς
1054 1571 1264 1659 Πυθαγόρεώ
1284 1596 1334 1657 rs,

261 1714 311 1777 vel
332 1719 500 1794 temporum
522 1711 601 1774 ratio
622 1709 798 1789 dissuadet,
820 1728 879 1791 qua
901 1709 1065 1793 'lelaugem
1089 1709 1141 1773 vix
1164 1708 1347 1793 superstites

258 1822 409 1888 credibile
430 1821 539 1900 fuisse,
562 1820 673 1884 nedum
694 1820 835 1884 iuvenem
858 1823 1004 1902 (κοῦρον)
1025 1826 1088 1884 tum
1111 1837 1180 1884 cum
1203 1820 1348 1903 Empedo·
1375 1880 1378 1885 .

260 1933 325 1997 cles
347 1933 385 1996 de
406 1931 498 1995 rebus
517 1930 652 2012 physicis
674 1948 787 1995 canere
811 1931 921 2012 coepit.
971 1931 1035 1995 Nec
1058 1931 1158 2016 magis
1182 1946 1291 1995 verum
1307 1933 1346 1991 rut

259 2043 448 2106 dubitatione
472 2058 594 2119 carens,
618 2040 711 2122 quod,
735 2057 804 2102 cum
835 2057 981 2121 nusquam
1002 2058 1058 2122 per
1079 2046 1176 2104 totum
1199 2040 1345 2123 fragmen-

259 2155 357 2212 torum
381 2166 493 2230 corpus
518 2149 645 2213 duarum
668 2148 837 2230 pluriumve
855 2164 1055 2228 personarum
1073 2146 1281 2229 compellatio,
1301 2142 1343 2211 sol

261 2264 406 2322 constans
429 2258 519 2320 unius
542 2257 632 2321 obvia
655 2263 759 2335 esset,
788 2261 956 2337 praeeunte
977 2254 1097 2320 Sturzio
1116 2273 1145 2337 p.
1164 2255 1240 2334 538,
1260 2256 1346 2340 Βοια-

261 2367 330 2432 liius
346 2368 377 2430 id
400 2384 551 2432 excusare
576 2367 689 2431 studuit
705 2367 895 2430 Archestrati
919 2366 1043 2430 obscuri
1062 2370 1174 2447 poetae
1192 2372 1346 2450 gastrom-

260 2478 332 2541 mici
355 2475 493 2558 exemplo
517 2487 562 2558 (p.
580 2478 657 2556 11),
691 2475 777 2538 cuius
799 2474 929 2556 exempli
962 2480 993 2538 et
1012 2474 1123 2538 raritas
1144 2479 1177 2538 et
1197 2474 1345 2539 novimus

261 2586 467 2670 comparando
495 2586 626 2650 debebat
653 2587 820 2651 deterrere.
875 2584 987 2650 Verum
1017 2592 1050 2647 ut
1081 2584 1276 2651 admittamus
1293 2584 1344 2647 boc

260 2696 494 2783 argumentandi
523 2713 621 2780 genus
642 2696 732 2760 valde
761 2695 926 2759 lubricum:
960 2695 1122 2776 quicquam
1147 2695 1224 2762 inde
1243 2694 1341 2759 rdno·

259 2816 352 2875 stram
375 2810 586 2891 quaestionem
618 2807 700 2870 ellici
722 2824 825 2888 posse,
854 2807 885 2870 id
907 2826 982 2872 vero
1004 2826 1096 2892 nego.
1140 2808 1268 2874 Duobus
1286 2804 1344 2889 qui·

261 2919 331 2982 dem
353 2920 459 2984 amicis
482 2920 699 2984 Archestratus
721 2936 846 2982 carmen
876 2934 964 2982 suum
988 2919 1026 2981 de
1046 2918 1242 3003 gostrclogia
1262 2916 1344 2982 misit:

255 3009 348 3090 'cuius
370 3046 447 3109 quae
469 3028 645 3094 Athenaeus
675 3029 809 3094 servavit
836 3029 1006 3112 fragmina,
1040 3046 1146 3092 eorum
1166 3037 1286 3112 septem
1306 3044 1348 3091 ar·

260 3138 497 3220 gumentationis
531 3157 605 3202 suae
628 3138 856 3219 fundamentum
890 3158 960 3203 esse
982 3139 1077 3203 voluit
1096 3138 1270 3223 Bergkius:
1291 3137 1349 3221 qui·

259 3246 316 3309 bus
340 3265 408 3309 cum
436 3247 587 3311 adunam
614 3249 743 3311 amicum
775 3266 949 3312 sermonem
979 3249 1117 3312 converti
1138 3250 1273 3332 videret,
1293 3250 1349 3313 iure

260 3356 380 3419 scilicet
397 3375 453 3420 suo
471 3357 544 3421 inde
566 3357 717 3421 conclusit
730 3358 869 3422 similiter
882 3366 1029 3440 nostrum,
1054 3359 1102 3440 qui
1125 3377 1252 3441 semper
1271 3378 1351 3426 onum

260 3465 436 3546 appellaret,
458 3485 581 3530 carmen
603 3467 721 3529 duobus
746 3466 919 3531 nominibus
943 3468 1150 3548 inscripsisse.
1173 3471 1218 3533 At
1242 3488 1282 3535 cx
1302 3468 1351 3532 ibis

263 3579 379 3654 septem
405 3575 551 3656 exemplis
574 3574 694 3639 trinita
717 3582 787 3638 sunt
809 3583 994 3658 comparato,
1020 3582 1051 3638 ut
1074 3579 1253 3658 compellati
1275 3577 1378 3645 antici·

263 3680 438 3747 adiunctum
461 3684 594 3748 babeant
615 3701 726 3748 nomen
751 3687 803 3762 *jz
826 3687 856 3747 in
885 3704 944 3768 quo
966 3685 1042 3748 nibil
1063 3684 1189 3768 opinor,
1217 3691 1294 3756 novi
1313 3692 1355 3754 aut

263 3877 307 3888 >na—-

359 3983 386 4052 e)
407 3983 504 4036 risen.
518 3983 554 4036 nr
570 3997 595 4049 p.
617 3984 664 4034 ιιι
682 3981 719 4034 r:

458 4105 557 4175 πρῶτα
577 4104 631 4174 μὲν
651 4097 702 4159 οὖν
721 4103 823 4176 δώρων
846 4104 1028 4178 μεμνήσομαι
1045 4105 1188 4180 ἠϋκόμοιο

456 4202 612 4271 Δήμητρος,
634 4204 697 4272 ‹ptlc
717 4200 826 4271 Μόσχε,
850 4199 885 4253 cd
905 4201 929 4255 d‘
949 4204 980 4256 ἐν
998 4207 1085 4273 φρεσὶ
1104 4205 1207 4272 βάλλεο
1228 4215 1327 4287 apocr:

260 4323 304 4376 obi
323 4322 393 4392 quod
415 4320 512 4391 legitor
530 4329 591 4389 post
608 4337 702 4374 noman
722 4320 861 4388 personale
880 4315 915 4377 od
939 4320 984 4388 δέ,
1003 4322 1105 4376 accedit
1124 4324 1257 4388 idoneum
1275 4347 1355 4387 arem·

259 4416 329 4489 plur'n
349 4420 386 4472 cis
398 4433 467 4490 quac
486 4433 563 4486 supra
578 4418 611 4473 de
626 4419 676 4472 boc
694 4434 743 4471 usu
762 4419 880 4472 diximus.
939 4436 946 4449 ·
