2796 4942
587 374 797 442 ..20-

147 555 224 622 lovit
242 575 279 621 ac
297 557 486 640 propagavit.
509 558 570 623 lies
593 565 693 623 autem
714 558 791 622 haec
813 564 869 622 est.
904 557 1107 622 Meminerant
1127 555 1243 622 scilicet

145 664 365 744 Parmeniden,
381 684 471 748 quem
489 668 620 731 maxime
641 667 700 732 sibi
722 666 950 749 exprimendum
968 665 1127 752 delegisse
1150 666 1242 732 fertur
1280 688 1282 715 ι

147 773 368 857 Empedocles,
396 793 520 841 carmen
540 793 629 841 suum
650 772 723 859 cept
745 772 872 861 φύσεως
894 777 936 841 ita
964 775 1147 857 instituisse,
1164 776 1240 839 utin

143 884 304 967 prooemio
334 884 507 949 divinarum
532 885 685 970 angimm
711 902 770 966 ope
790 884 882 950 evehi
910 903 946 950 se
977 900 1070 949 curru
1092 885 1133 950 ad
1156 883 1237 964 deae,

148 1000 182 1057 ut
208 994 346 1075 videtur,
369 994 506 1059 veritatis
528 994 669 1076 templum
694 993 835 1080 fingeret,
856 995 894 1060 ab
914 1013 952 1060 ea
972 993 1109 1078 benigne
1130 1012 1170 1059 uc
1189 1012 1239 1060 oo-

150 1102 240 1168 miter
266 1103 366 1185 excipi
398 1120 594 1186 summaeque
626 1103 795 1186 sapientiae
829 1103 952 1168 decretu
983 1103 1024 1167 ita
1046 1102 1196 1184 edoceri,
1212 1109 1239 1167 ut

146 1218 271 1295 praeter
297 1214 487 1295 prooemium
514 1219 607 1276 totum
635 1231 759 1278 carmen
787 1213 865 1277 deae
890 1230 945 1276 ore
965 1211 1157 1292 tunderetur,
1180 1211 1238 1293 ipae

149 1321 260 1386 docilis
282 1321 404 1386 auditor
424 1322 505 1386 illius
527 1320 684 1386 suadelam
711 1322 905 1386 auscultaret.
949 1321 1010 1385 lam
1032 1321 1064 1384 in
1086 1321 1187 1386 nostri
1206 1319 1239 1385 de

148 1429 1236 1513 mmmmmmmmmmmwwm

150 1557 239 1622 quam
262 1546 475 1606 coeterorum
503 1540 630 1605 deorum
661 1541 884 1623 supplicatione
918 1549 997 1618 (uss.
1015 1543 1064 1605 11.
1085 1543 1140 1620 ta)
1170 1556 1239 1605 con·

147 1670 256 1717 uersus
277 1652 361 1734 petit,
382 1657 415 1714 ut
433 1652 586 1716 concedet
605 1653 665 1716 sibi
686 1671 723 1717 ea
740 1652 974 1734 pronuntianda,
998 1668 1078 1733 quae
1099 1651 1239 1717 humanas

138 1779 241 1826 ¹aures
254 1761 394 1840 deceant,
408 1768 500 1844 utque
512 1762 582 1827 talia
592 1763 657 1844 ipsa
669 1781 777 1828 currus
791 1763 894 1826 divina
908 1764 1014 1846 auriga
1027 1760 1239 1828 avercouudia

151 1870 1238 1957 fflmvmfflmmwmmmmmm

147 1999 229 2062 nam,
249 1987 283 2044 ut
305 1988 410 2046 cetere
432 1982 615 2064 discrepent,
639 2000 746 2046 eunus
761 1989 844 2048 certe
869 1983 958 2047 adest
977 2001 1037 2047 nec
1059 1988 1163 2065 potest
1182 1982 1239 2047 siue

149 2089 246 2153 divini
267 2089 387 2154 itineris
408 2090 537 2155 consilio
551 2089 673 2154 adesse.
716 2091 911 2155 Parmenides
927 2091 1049 2173 quidem
1071 2091 1153 2185 deae
1175 2108 1239 2156 suae

148 2200 337 2264 maiestatem
352 2218 415 2264 non
439 2201 568 2265 detrusit
589 2201 627 2264 ad
642 2200 805 2265 rhedariae
822 2200 1032 2280 ministerium,
1057 2218 1161 2283 neque
1180 2217 1239 2264 ean

150 2308 317 2390 invocavit,
338 2315 371 2372 ut
391 2309 501 2392 vulgus
522 2315 690 2390 poetarum,
714 2309 770 2373 sed
793 2309 898 2373 divino
920 2307 1052 2391 quodam
1074 2309 1189 2392 impetu
1207 2305 1242 2372 ud

149 2415 255 2482 sedem
275 2418 343 2482 eius
364 2417 499 2481 sublatus
532 2423 580 2481 est
588 2439 597 2496 3
631 2436 691 2482 noc
719 2436 794 2482 vero
824 2418 985 2483 admiscuit
1005 2418 1098 2482 amici
1129 2418 1243 2484 amico-

148 2524 1243 2609 mmwmmmwmwmmmmm

148 2654 188 2700 ex
209 2653 265 2700 ore
293 2636 455 2718 exciperes
486 2635 656 2700 orationem
686 2653 786 2717 quove
806 2653 844 2701 eu
866 2636 1061 2721 dirigeretur.
1105 2636 1150 2700 At
1168 2634 1242 2699 enlm

147 2735 1246 2828 wmmmmmmmmmmmmd

146 2854 316 2919 militudinc
349 2853 514 2919 deflectere
537 2861 566 2918 et
590 2854 732 2935 debebat,
755 2874 794 2919 ne
818 2855 956 2936 pressius
984 2854 1084 2919 aliena
1119 2852 1246 2936 vestigia

148 2964 264 3049 legisse
290 2963 455 3028 videretur.
499 2965 564 3028 Nec
588 2982 745 3047 repugno,
770 2964 952 3042 dummodo,
973 2983 1063 3046 quam
1085 2970 1118 3028 tu
1140 2970 1248 3048 poetue

152 3073 297 3158 impingis
318 3076 423 3139 llusae
444 3074 570 3153 larvam,
593 3093 632 3139 nc
647 3075 698 3137 ille
718 3074 874 3155 inopinato
897 3075 1039 3138 excutiat.
1058 3075 1182 3140 Etenim
1203 3081 1249 3153 (ut

66 3263 67 3266 Ἴ
146 3184 270 3249 tundem
292 3185 375 3250 serio
394 3183 520 3265 loquar)
546 3183 660 3248 accidit
681 3183 755 3247 viris
777 3184 925 3268 egregiis,
950 3201 1009 3265 quo
1029 3183 1122 3248 valde
1145 3183 1249 3248 dubito

147 3312 187 3359 ao
206 3293 369 3376 quicquam
399 3293 529 3375 lepidius
561 3293 592 3354 in
623 3293 683 3356 hoc
700 3311 818 3375 genere
839 3293 970 3374 potuerit
990 3293 1148 3358 accidere.
1189 3293 1249 3358 lies

146 3404 213 3484 ipsa
243 3403 365 3486 quidem
393 3410 462 3485 post
482 3403 623 3467 inventos
652 3402 826 3484 nuperrime
857 3402 889 3465 in
908 3400 1061 3485 Hippolyti
1093 3401 1251 3487 αἱρισέωι

146 3513 264 3599 ἐλέγχῳ
285 3512 342 3577 hos
356 3529 465 3576 versos
486 3510 686 3602 (338-341)

287 3622 318 3686 εἰ
337 3620 397 3704 γὰρ
415 3623 599 3706 ἐφημερίων
617 3622 718 3685 ἕνεκέν
738 3623 772 3684 τί
790 3645 851 3704 σοι,
872 3613 1012 3704 ἄμβροτε
1026 3624 1169 3704 Μοῦσα,

292 3725 444 3813 ἡμετέρης
463 3725 573 3810 ἔμελεν
592 3733 724 3809 μελέτας
747 3727 800 3793 διὰ
826 3734 996 3816 φροντίδος
1016 3732 1136 3814 ἐλθεῖν,
1238 3721 1241 3727 ’

289 3839 451 3924 εὖχομέιῳ
475 3839 532 3901 νῦν
554 3826 630 3901 αὖτε
650 3840 840 3922 παρίστησι,
864 3832 1083 3916 Καλλιόπεια,

288 3945 377 4031 ἀμφὶ
396 3945 479 4008 θεῶν
499 3935 654 4026 μακάρων
677 3943 801 4026 ἀγαθόν
822 3940 914 4026 λόγον
937 3943 1134 4029 ἐμφαίνοντι,

147 4047 302 4120 nonium
340 4070 410 4118 esse
432 4051 522 4117 dubia
542 4057 660 4134 potest:
689 4053 799 4134 quippe
827 4053 934 4134 quibus
961 4060 1052 4136 poeta
1072 4072 1167 4136 quam
1192 4059 1250 4124 sibi

144 4169 261 4246 partem
284 4178 434 4245 quamque
455 4161 559 4225 llusae
593 4162 763 4246 delegerit,
792 4162 861 4226 luce
884 4163 995 4227 elarius
1016 4162 1076 4228 liat.
1123 4165 1190 4233 Sed
1212 4186 1250 4233 ne

149 4277 240 4337 antee
263 4271 384 4354 quidem
406 4269 462 4334 tuit
488 4270 567 4337 ullus
587 4271 763 4354 ambigendi
790 4271 888 4337 locus.
939 4272 1007 4337 Non
1027 4289 1140 4360 urgeo,
1165 4276 1250 4363 quod

146 4378 519 4477 mssffifflm
