2782 4936
232 583 293 649 que
314 564 469 646 ditiorum,
489 570 522 629 ut
534 563 666 647 uidetur,
689 565 802 631 civium
817 564 998 629 concionem
1014 562 1110 644 diluit,
1133 560 1163 626 h.
1187 579 1215 626 e.
1236 561 1328 645 prin·

230 676 361 759 cipatum
383 677 429 742 eis
452 676 639 760 reipublicae
661 677 823 761 abrogauit
849 675 1052 758 populumque
1070 681 1164 739 totum
1187 673 1235 739 sui
1256 691 1329 738 esse

226 786 303 852 iuris
326 787 423 852 iussit.
445 787 510 852 l'ali
529 788 623 872 igimr
645 789 784 871 ingenio,
807 786 889 869 qnod
911 787 942 848 in
965 786 1026 850 tori
1046 785 1115 849 luce
1138 804 1175 848 ac
1199 783 1328 866 puluere

225 895 361 977 adolevit
385 915 563 979 summaque
595 916 663 961 cum
695 897 796 983 gloria
826 914 864 960 ac
893 897 993 960 fructu
1016 901 1156 981 versatus
1172 900 1238 973 est,
1261 910 1327 956 non

225 1010 327 1086 potest
339 1007 538 1089 probabiliter
551 1007 618 1071 cius
632 1007 706 1071 artis
721 1006 858 1071 defuisse
870 1006 949 1084 laus,
974 1006 1006 1068 in·
1028 1021 1087 1087 qua
1104 1004 1183 1086 apud
1202 1009 1328 1067 veteres

225 1115 437 1196 reipublicae
465 1115 624 1200 gerendae
646 1134 744 1198 paene
766 1134 882 1180 summa
912 1115 1012 1197 posita
1035 1121 1127 1181 esset.
1155 1152 1196 1163 -
1223 1113 1326 1194 Atque

225 1223 316 1288 huius
346 1227 520 1308 praeceptis
547 1226 648 1307 potius
681 1225 849 1290 institutum
883 1242 972 1306 quam
1008 1223 1147 1305 exemplo
1168 1223 1328 1286 incitatum

225 1350 296 1398 esse
310 1333 456 1420 Gorgiam
471 1335 662 1416 Leontinum,
684 1334 782 1398 virum
803 1334 998 1414 eloquentiae
1017 1332 1107 1396 laude
1130 1332 1327 1412 cumulatum,

226 1443 471 1508 testimoniorum
492 1444 630 1526 paucitas
649 1449 680 1506 et
698 1443 879 1528 ambiguitas
903 1442 988 1506 credi
1008 1457 1070 1503 non
1090 1442 1201 1505 sinunt.
1229 1441 1330 1516 Quem

224 1552 418 1618 tradiderunt
441 1533 562 1635 quidem
593 1553 690 1618 fnisse
711 1552 906 1635 Empedoclis
933 1546 1115 1632 discipulum
1135 1551 1330 1632 eundemque

227 1661 303 1726 anis
325 1661 499 1726 rhetoricae
530 1662 713 1745 scriptorem
736 1674 783 1740 (u.
806 1668 908 1727 tamen
929 1660 1073 1744 Spengel.
1104 1683 1215 1741 cvacy.
1245 1683 1328 1740 τεχν.

227 1787 258 1852 p.
274 1771 314 1836 81
327 1781 407 1853 sq.):
430 1772 558 1857 Satyrus
579 1790 627 1855 ap.
651 1773 823 1857 Diogenem
846 1772 917 1835 loco
942 1789 1033 1852 supra
1056 1770 1224 1852 descripto,
1248 1787 1331 1851 qno-

92 1911 94 1917 *
228 1897 299 1945 cnm
335 1883 542 1948 conferendus
574 1883 685 1949 Suidas
718 1901 745 1947 s.
774 1903 823 1962 v.;
853 1881 1052 1946 scholiastam
1081 1883 1163 1944 enim
1194 1879 1233 1944 ad
1255 1878 1328 1944 Plat

228 1988 324 2074 Gorg.
346 2009 377 2073 p.
393 1992 456 2057 345
491 2011 531 2056 ex
563 1994 631 2074 ipso
655 1991 781 2056 Platone
805 2008 861 2056 sua
894 1996 1093 2054 consuentcm
1123 1989 1211 2052 nihili
1233 1990 1329 2053 facio.

226 2099 265 2163 Et
278 2100 379 2182 Satyri
396 2101 602 2165 testimoninm
620 2102 710 2166 obest
733 2101 833 2185 magis
852 2100 969 2165 rumori
985 2098 1024 2164 de
1044 2097 1239 2181 Empedoclis
1261 2105 1330 2164 arto

229 2208 388 2278 rhetorica
403 2228 491 2292 quam
513 2210 649 2294 prodest,
670 2217 704 2276 nt
725 2212 776 2294 qui
794 2231 812 2276 e
832 2210 974 2293 discipuli
989 2210 1108 2274 demum
1123 2209 1266 2274 facultate
1279 2209 1332 2272 iu-

229 2317 344 2383 dicium
365 2320 458 2385 laciat
480 2321 519 2385 de
539 2322 708 2406 magistro:
732 2322 784 2403 qui
796 2328 897 2393 tamen
918 2320 1043 2385 omnino
1059 2338 1130 2383 num
1148 2319 1331 2384 lueritEm-

232 2429 391 2510 pedocles‚
408 2429 498 2494 valde
512 2430 635 2494 dubium
651 2449 689 2495 ac
704 2448 803 2513 paene
819 2430 1011 2495 incredibile.
1028 2429 1232 2506 Quintilianus
1244 2435 1331 2494 ccrtc

228 2537 280 2619 ΙΙΙ,
294 2542 321 2619 1,
337 2539 358 2609 8
379 2539 526 2621 (Gorgion
538 2539 704 2603 hwatinus
714 2539 916 2620 Erapcdoclt's‚
936 2547 971 2601 ot
985 2539 1127 2619 traditor,
1146 2539 1330 2620 discipulus)

232 2647 377 2712 admonet
399 2666 457 2714 nos
479 2649 618 2732 exemplo
647 2667 703 2715 suo
727 2649 887 2714 cautionis.
915 2649 1067 2714 Utmittam
1089 2648 1171 2712 enim
1194 2648 1328 2730 discipli·

230 2774 290 2822 nae
303 2759 383 2840 apud
402 2765 524 2824 veteres
539 2777 650 2843 vagum
664 2759 879 2846 significatum,
894 2759 1031 2824 rationes
1047 2765 1215 2840 temporum
1231 2757 1330 2823 uehe-

230 2875 350 2933 menter
363 2869 569 2953 refragantnr.
594 2870 728 2954 Gorgiae
748 2871 829 2935 enim
847 2875 977 2935 nentem
999 2875 1121 2932 centum
1144 2886 1256 2932 novem
1272 2887 1332 2933 an-

230 2995 340 3043 norum
362 2980 542 3045 certissimis
566 2979 692 3046 calculis
708 2981 789 3046 inter
809 2981 920 3065 olymp.
945 2981 982 3044 71
998 2985 1029 3045 ct
1044 2980 1085 3044 98
1107 2979 1231 3043 inclusit
1251 2979 1333 3044 Fos-

229 3089 293 3152 sius
326 3088 383 3166 (de
405 3089 500 3174 Gorg.
525 3092 634 3156 Leont.
667 3097 829 3155 comment.
852 3109 881 3172 p.
899 3092 973 3168 11);
1000 3088 1196 3171 Empedoclis
1230 3093 1333 3152 antem

229 3199 358 3280 sumpsit
377 3199 476 3282 magis
497 3218 587 3282 quarn
606 3201 747 3283 probavit
767 3199 946 3266 Karstenius
970 3199 1008 3262 ab
1031 3197 1141 3280 olymp.
1167 3199 1207 3262 72
1231 3215 1331 3280 usque

231 3308 271 3373 ad
297 3308 408 3392 olymp.
423 3310 464 3374 87
484 3311 680 3392 pertinuisse,
702 3328 771 3374 cnm
793 3309 910 3390 aliquot
924 3308 1145 3391 olympiadibus
1164 3309 1331 3390 proferen-

232 3417 301 3483 dam
322 3435 393 3482 esse
414 3419 602 3500 probabilius
625 3420 673 3484 sit.
718 3419 836 3485 Etenim
857 3437 927 3483 cnm
950 3418 1134 3484 Aristoteles
1154 3418 1225 3482 loco
1247 3418 1330 3482 mul-

229 3531 292 3590 tum
313 3532 443 3591 mactato
462 3528 629 3612 metaphys.
652 3529 677 3608 l,
699 3529 719 3593 3
741 3529 959 3613 Anaxagoram
984 3528 1067 3593 dicat
1087 3529 1125 3613 τῇ
1145 3528 1204 3606 μὲν
1224 3525 1331 3616 ἡλικίᾳ

228 3632 381 3718 πρότερον
410 3634 619 3718 Empedocle,
651 3643 715 3713 τοῖς
746 3637 775 3700 d’
801 3633 902 3720 ἔργοις
929 3629 1081 3719 ὕστερον,
1114 3635 1197 3698 hunc
1229 3641 1332 3699 autem

229 3744 340 3828 olymp.
365 3747 406 3810 70
428 3752 530 3812 natum
559 3765 629 3812 csse
651 3746 834 3829 Apollodori
861 3765 908 3829 ap.
924 3747 1016 3830 Diog.
1038 3747 1075 3810 ll.
1100 3746 1119 3808 7
1150 3746 1331 3811 auctoritato

232 3861 369 3921 constet:
391 3873 455 3919 non
474 3862 576 3938 potest
599 3856 783 3922 Aristotcles
812 3873 980 3938 paucorum
1010 3873 1158 3922 annorum
1182 3855 1332 3920 interval-

234 3965 295 4028 lum
317 3984 385 4029 cum
404 3965 600 4048 ingeniorum
622 3984 686 4030 non
712 3962 1056 4035 mediocridillercntia
1074 3987 1253 4051 comparare
1273 3991 1332 4037 vo-

233 4073 339 4140 luisse.
361 4072 569 4157 Apollodorus
584 4093 678 4158 porro
695 4093 742 4158 ap.
760 4074 938 4160 Diog.Vlll‚
952 4076 992 4140 72
1016 4094 1122 4142 eorum
1142 4079 1335 4166 redarguens

237 4184 435 4265 sententiam,
470 4186 521 4268 qui
555 4203 712 4269 pugnasse
732 4191 911 4252 narrassent
931 4176 1147 4270 Empedoclem
1174 4188 1335 4273 Syracusis

233 4301 341 4365 contra
362 4295 590 4379 Athenienses,
