2782 4936
588 346 798 406 ...23-

123 539 331 625 ·stigationes
361 538 400 604 ad
431 538 481 603 dei
500 556 606 603 rursus
627 538 728 615 locum
760 555 795 602 sc
828 538 986 602 enixurum
1009 555 1080 604 esse
1098 545 1246 606 narraret.

149 649 310 714 Hierocles
333 651 366 713 in
382 667 474 717 cana.
492 666 556 712 aur.
577 666 604 730 p.
622 645 684 712 254
706 640 829 711 adrasus
850 644 910 729 γὰρ
926 646 981 711 καί
1004 647 1172 714 ἀποπίπτει
1192 654 1249 734 τῆς

151 756 339 840 ειῖδαιμονος
353 753 469 841 ’χώρας
490 751 506 818 ὅ
531 747 709 842 ἅνθρωπος,
731 754 775 833 ὥς
794 757 833 821 ’E.
850 755 949 844 φησίν
971 754 986 820 ὃ
1008 756 1246 844 Πυθαγόρειος,

248 894 308 959 381
608 890 713 978 φυγὰς
734 891 849 957 θεόθεν
863 893 918 956 καί
935 889 1049 975 ἀλήτης

347 1023 444 1085 νείκεϊ
463 1021 645 1108 μαινομένῳ
660 1022 800 1100 αι’σονος.
813 1021 849 1098 *J

141 1154 266 1227 ”Arsaos
289 1159 325 1221 δὲ
348 1154 402 1219 καί
428 1153 484 1236 τὴν
511 1153 649 1235 οἷρχαιάν
676 1155 739 1230 ἕξιν
775 1145 1012 1235 ἀπολαμβάνει,
1037 1157 1068 1220 εἰ
1088 1150 1186 1239 φόροι
1209 1153 1249 1222 τὰ

148 1268 224 1351 περὶ
242 1253 300 1350 γῆν
322 1268 376 1331 καί
397 1261 450 1329 τὸν
474 1264 612 1342 α’ῑοραέα
637 1266 741 1349 χοῖρον
761 1271 822 1341 (vs.
845 1263 942 1342 385),
973 1263 1014 1340 οἷς
1038 1259 1054 1325 ὁ
1079 1261 1174 1339 ου’τὸς
1193 1268 1246 1330 λέ.

148 1399 210 1459 μοι,
231 1372 310 1458 ἔνθα
331 1373 429 1462 φόνος
439 1381 503 1439 ast.
526 1374 686 1465 (redditi).
732 1373 792 1435 lam
815 1391 889 1437 vero
914 1373 1044 1439 debebat
1068 1377 1184 1442 aeterni
1205 1376 1246 1445 it-

148 1489 207 1578 lius
231 1487 285 1552 lati
308 1473 477 1552 necessitas
502 1484 630 1566 exponi,
662 1501 720 1565 qua
744 1484 913 1547 animorum
937 1483 1018 1548 vitae
1040 1491 1245 1568 regerentur:

151 1597 238 1680 quod
261 1614 328 1678 non·
343 1581 466 1678 'potuit'
480 1590 590 1676 aptius
611 1593 676 1657 fieri
707 1610 796 1674 quam
825 1592 988 1659 celebratis
1017 1593 1077 1660 illis
1100 1601 1247 1678 quatuos-

149 1709 253 1777 dccim
278 1706 419 1773 versibus
456 1704 650 1783 (sou-82),
680 1721 756 1784 quos
777 1703 913 1766 Sturzius
940 1711 1104 1785 exparte,
1126 1705 1249 1773 narsae.

148 1818 429 1899 nimquamqaam
462 1815 634 1896 dissectos,
656 1819 783 1878 cunctos
808 1813 1003 1896 physicorum
1029 1820 1127 1895 caput,
1148 1812 1249 1897 Berg-

148 1927 219 1991 liius
240 1932 339 1992 autem
362 1925 514 2008 prooemii
546 1924 742 2007 physicorum
774 1929 890 2003 partem
920 1921 1125 2004 posteriorem
1153 1921 1249 1992 voluit
1312 1995 1326 2010 ·

147 2055 230 2118 esse,
243 2035 494 2103 Panaerbieterus
511 2035 643 2117 denique
660 2041 691 2098 et
713 2031 876 2115 discerpsit
891 2037 921 2096 et
935 2031 995 2095 huc
1007 2031 1078 2095 illuc
1089 2049 1145 2114 per
1166 2032 1250 2097 eius.

148 2147 218 2215 dem
241 2146 385 2211 carminis
405 2145 569 2228 particulas
588 2145 742 2226 dispersit.
766 2144 831 2207 Nec
852 2141 948 2207 deluit
966 2141 1085 2207 duobus
1106 2140 1166 2207 illis
1190 2159 1249 2223 quc

123 2313 124 2316 ,
151 2255 304 2338 probabili
325 2261 484 2321 amnentur
506 2255 553 2319 sui
571 2255 688 2319 ordinis
707 2252 872 2337 praesidio.
916 2251 1054 2333 Namque
1073 2250 1250 2319 Plutarchus

152 2363 193 2427 de
219 2362 312 2429 exilio
335 2379 364 2444 p.
381 2362 442 2427 607
467 2364 600 2444 quinque
619 2377 659 2425 cx
690 2360 751 2425 illis
773 2378 881 2427 versus
903 2361 1036 2426 afferens
1058 2361 1105 2424 sic
1126 2361 1253 2442 praela·

149 2477 198 2537 tus
216 2476 280 2555 asle
312 2468 329 2533 d
352 2471 382 2535 d'
403 2471 609 2554 Ἐμπεδοκλῆς
637 2472 670 2534 ἐν
699 2468 786 2555 ἀρχῇ
804 2471 873 2554 τῆς·
891 2474 1084 2556 φιλοσοφίας
1106 2493 1250 2554 προανα-

152 2575 301 2665 φωνήσας
322 2619 380 2662 -,
402 2582 488 2646 cuius
512 2579 678 2648 testimonii
697 2582 744 2675 uls
764 2582 824 2646 tam
846 2586 950 2664 aperta
964 2581 1032 2666 uisa
1053 2586 1112 2660 est,
1133 2585 1249 2649 utnon

148 2689 230 2771 iam,
253 2690 308 2757 ubi
329 2697 433 2756 essent
457 2692 489 2755 bi
510 2704 619 2756 uersus
635 2689 826 2770 collocandi,
850 2688 1250 2769 videreturbaesitaadum,

150 2816 332 2883 omnemque
343 2801 443 2883 polius
454 2802 585 2884 lapidem
597 2802 707 2866 moturi
720 2807 833 2880 essent,
849 2818 937 2882 quam
949 2807 981 2864 ut
996 2801 1036 2864 dc
1046 2804 1129 2864 tanta
1141 2804 1250 2875 aucto-

148 2911 240 2978 ritate
261 2911 422 2994 quicquam
437 2912 556 2978 detrahi
570 2919 755 2994 paterentur.
776 2909 979 2993 Empedocles
990 2909 1133 2975 nimirum
1153 2925 1249 2990 prae„

149 3021 235 3088 fandi
255 3024 374 3088 muneri
395 3029 428 3087 ut
449 3012 652 3103 satislaceret,
675 3043 693 3086 a
716 3023 899 3088 daemonum
921 3021 1130 3085 animorumve
1153 3020 1249 3090 caede

146 3131 330 3214 pollutorum
355 3135 455 3201 exiliis
487 3151 653 3216 eorumque
676 3151 730 3214 per
755 3149 886 3214 corpora
920 3130 1153 3214 migrationibus
1173 3147 1249 3213 pro-

149 3241 249 3307 fectus
269 3248 317 3309 est
337 3242 499 3309 adrerum
520 3251 658 3309 naturam
681 3243 832 3311 subtiliter
853 3261 890 3308 ac
915 3241 1005 3309 docte
1024 3242 1247 3324 exponendam,

149 3333 311 3432 postquam
333 3337 453 3417 scilicet
473 3361 663 3430 narraverat,
687 3351 879 3436 quamllebili
901 3370 968 3416 curn
985 3352 1100 3435 gemitu
1118 3369 1156 3416 ac
1178 3351 1249 3434 plo-

149 3465 219 3522 ratu
235 3459 267 3521 in
281 3460 397 3551 tristem
419 3463 498 3528 hano
518 3464 695 3546 speluncam
715 3462 927 3531 descendisset
945 3467 1117 3544 quantaque
1140 3462 1247 3527 cuius-

152 3567 276 3635 cemodi
307 3570 453 3637 malorum
478 3573 558 3641 mole
583 3574 708 3639 obrutus
736 3591 791 3655 per
809 3571 891 3638 vitas
925 3572 1047 3641 deserta
1067 3571 1137 3638 loca
1157 3586 1247 3640 οπο·

186 3868 216 3933 ’)
237 3866 269 3921 Ut
287 3865 383 3920 illustri
401 3866 520 3938 exenplc
534 3869 657 3921 doceatur
670 3870 702 3922 sd
720 3871 806 3940 qualia
825 3872 1046 3940 interpretationis
1057 3882 1170 3927 monstra
1182 3875 1250 3928 lalsa

151 3964 356 4033 fragmentorum
376 3963 511 4033 dispositio
529 3968 612 4033 possit
631 3967 744 4033 illicere,
762 3984 890 4037 apponam
903 3969 1095 4022 Panzmbiateri
1113 3971 1248 4041 (Beltrtge

148 4075 199 4112 aar
218 4060 301 4114 llritilr
314 4060 373 4139 pasl
389 4061 537 4132 Erlrllrung
555 4062 602 4115 des
623 4063 803 4132 Empedocles.
825 4060 899 4119 1844.
918 4081 943 4134 p.
963 4067 990 4139 2)
1010 4066 1042 4118 acl
1060 4083 1153 4121 versus
1172 4083 1250 4134 supra

151 4156 297 4225 descriptos
314 4158 414 4211 verba:
433 4159 557 4229 Offsssldr
573 4160 685 4214 sentiet
703 4163 764 4232 ttept
793 4163 839 4214 der
864 4161 1029 4233 Verstossassp
1047 4165 1094 4217 dar
1112 4165 1247 4218 Ddasonsn

155 4254 213 4306 sisse
229 4255 485 4326 ptysisclssdssss‘elst
501 4274 535 4310 sss
548 4259 667 4313 Grande:
685 4259 733 4312 der
757 4260 917 4314 Verstcsserse
937 4262 1027 4330 laesit
1044 4265 1095 4330 aas
1110 4262 1159 4315 dass
1169 4263 1248 4316 Stasit

149 4349 205 4407 aad
221 4350 263 4411 tto
280 4352 363 4411 mres
383 4354 473 4409 ἀνιοαο
493 4353 650 4426 Ποιοοσὶισβ
666 4355 873 4427 bertetpefstlsrts
890 4373 956 4412 assas
979 4357 1154 4430 Waltpsrs'cds.
