2782 4936
590 417 632 434 ..
674 386 822 452 ιγ’-ι’·

140 585 249 634 coram
269 584 412 633 versuum
434 566 535 633 adbuc
556 573 639 634 extat
657 568 763 652 (Diog.
776 567 853 648 Vlll,
875 567 917 632 54
938 571 968 631 et
987 565 1039 648 63,
1061 587 1089 630 r.
1112 565 1152 630 ad
1171 584 1234 633 res.

140 677 205 743 352
220 687 315 760 sqq).
340 678 404 743 llos
424 678 504 742 enim
524 672 716 761 καθαρμούς
742 683 791 755 (ut
810 694 923 742 nomen
944 682 1076 757 teneam,
1097 677 1178 760 quod
1192 677 1238 742 'ab

141 787 254 870 ipsone
274 793 364 867 poeta
386 787 557 869 protectum
586 786 627 850 sit
640 780 878 857 rectdlldubitari
898 791 1015 870 potest)
1036 803 1099 850 non
1119 785 1159 850 ad
1180 768 1264 851 ali-¹

120 913 223 979 ‚quos
248 914 321 961 suos
343 897 459 960 amieos
491 895 613 960 misisse
634 895 873 977 Empedoclem,
895 913 1001 960 verum
1024 895 1063 960 ad
1085 895 1238 961 civitatem

141 1005 439 1092 Agrigentinorum,
462 1003 654 1070 statuendum
678 1020 754 1069 sane
776 1022 843 1069 cum
864 1005 1035 1073 Karstenio.
1078 1005 1153 1070 llam
1173 1005 1240 1070 eius

141 1115 275 1181 civitatis
288 1120 438 1181 vetustam
448 1112 662 1197 hospitalitatis
680 1113 801 1179 laudem
813 1110 966 1199 efferens,
978 1115 1017 1181 ud
1031 1133 1098 1182 cam
1115 1113 1239 1180 omnino

141 1224 250 1310 dirigit
270 1243 317 1291 rs.
332 1224 396 1291 354
422 1284 426 1292 .

343 1351 450 1453 ξείνων
473 1347 603 1414 αἰδοίων
626 1350 758 1430 λιμένες.

140 1485 207 1550 Nec
222 1483 344 1548 videtur
359 1489 407 1549 sat
424 1483 584 1548 commode
596 1483 754 1566 Olympiae
766 1483 798 1547 id
817 1500 941 1548 carmen
952 1484 1078 1549 recitari
1093 1487 1242 1568 potuisse,

142 1593 225 1676 quod
247 1593 286 1656 ad
308 1593 385 1657 duos
404 1599 507 1658 tresve
536 1593 677 1657 homines
702 1594 847 1674 scriptum
875 1600 967 1660 esset.
1017 1595 1118 1660 Verba
1140 1601 1239 1660 autern
1271 1644 1281 1673 ,

141 1712 221 1781 (ves.
238 1701 316 1769 352:
335 1702 393 1783 53)

244 1818 251 1904 J
344 1802 372 1874 ci
392 1810 495 1898 φίλοι,
518 1808 550 1874 oi
563 1814 644 1895 μέγα
660 1805 739 1878 ὅσια
758 1808 838 1876 κατὰ
857 1813 979 1891 ξανθοῦ
994 1810 1213 1897 Ἀκράγαντος

226 1902 247 1927 ”
340 1922 439 1986 ναίετ’
459 1921 498 1986 α’ν
520 1913 603 2005 ἄκρα
622 1917 738 1996 πόλεος

142 2036 209 2139 cum
233 2055 358 2122 aliunde
378 2061 440 2120 bum
462 2040 502 2139 en
526 2063 600 2122 noto
624 2057 773 2123 Aeneidis
793 2073 886 2124 versu
908 2057 958 2140 lll,
982 2058 1042 2124 703

220 2186 225 2194 '
340 2182 464 2248 Arduus
484 2182 556 2247 inde
576 2183 717 2270 Acragas
740 2189 873 2250 ostentat
895 2185 1026 2251 maxima
1048 2185 1142 2273 longe

239 2333 243 2338 ·
342 2291 486 2373 Moenia,

145 2418 377 2502 explicationem
390 2417 735 2500 accipiunt‚composito
748 2434 816 2482 cum
829 2419 919 2482 ltiod.
932 2419 993 2484 Sic.
1006 2417 1087 2501 Xlll‚
1100 2419 1142 2484 84
1155 2424 1238 2499 (κατ’

146 2531 261 2594 ἐκεῖνον
281 2524 339 2612 γὰρ
365 2527 418 2593 τὸν
437 2523 553 2612 χρόνον
574 2526 816 2612 Ἀκραγαντῖνοι
843 2530 902 2609 μὲν
929 2520 1010 2611 Ιἦσαν
1030 2527 1158 2604 πλείους
1178 2533 1241 2594 τῶν

145 2638 335 2720 ίιςμορίων,
358 2635 419 2701 οὐν
449 2636 484 2698 δὲ
505 2641 569 2710 τοῖς
592 2637 773 2700 κατοικοῦσι
802 2639 900 2713 ξένοις
929 2637 988 2699 οοίι
1009 2626 1159 2714 ἕλά’ττοος
1178 2641 1242 2702 ταῖν
1314 2679 1318 2688 ·

143 2741 242 2810 εἴκοσι
264 2746 443 2832 μυριάδων,
467 2746 508 2809 cl,
532 2745 623 2830 Diog.
645 2745 724 2826 vlll,
748 2745 821 2825 63):
851 2746 934 2810 unde
956 2753 986 2810 et
1008 2747 1158 2828 hospitum
1179 2753 1240 2811 tam

143 2857 293 2942 grandem
315 2875 475 2921 numerum
496 2856 733 2921 circumsedisse
760 2857 855 2937 ipsam
871 2856 978 2921 urbem
1002 2857 1034 2919 in
1055 2855 1133 2920 colle
1154 2856 1244 2921 sitam
1289 2942 1292 2947 Δ

143 2958 246 3049 (ἄκρα
263 2959 394 3046 πόλεις)
416 2965 563 3030 credibile
578 2965 621 3045 fit,
644 2971 675 3027 et
692 2965 873 3046 perspicitur
892 2983 947 3028 cur
967 2971 1030 3028 tarn
1051 2964 1174 3029 curiose
1195 2965 1244 3028 ci·-
1282 2948 1285 2955 ¹

145 3077 229 3140 vium
259 3075 351 3140 sedes
379 3075 577 3157 descripserit
611 3080 711 3156 poeta.
757 3073 869 3137 contra
899 3074 931 3136 in
960 3073 1095 3156 physicis
1120 3079 1243 3156 praeter

144 3187 324 3252 Pausaniam
357 3186 464 3269 (Diog.
487 3184 565 3266 vill,
597 3183 638 3249 60
669 3174 707 3266 ἦν
730 3183 764 3244 'd’
791 3181 1042 3263 ὄΠαοσανίας,
1070 3177 1114 3259 οίς
1146 3207 1244 3270 φησιν

142 3297 348 3379 Ἀρίστιππος
372 3297 427 3359 καί
447 3293 598 3376 Σάτυρος,
618 3289 775 3377 ἐρώμενος
793 3283 902 3373 αὐτοῦ,
922 3280 947 3380 ᾧ
969 3291 1009 3376 dr}
1034 3293 1090 3356 ιιαί
1110 3289 1147 3356 τὰ
1169 3294 1245 3378 περὶ

145 3402 273 3490 φύσεως
293 3399 556 3489 προςιιοφοόνηκεν
580 3394 705 3482 οὕτως,-

343 3516 530 3590 Παοοανία,
551 3509 592 3578 οὐ
616 3513 652 3574 δὲ
672 3513 768 3575 κλῦθι
788 3512 961 3597 δαΐφρονος
980 3513 1124 3594 Ἀγχίτου
1147 3509 1213 3591 υἱέ)

149 3633 277 3697 alterum
296 3631 428 3714 aliquem
450 3629 663 3712 compellatum
680 3645 781 3693 essee
797 3634 899 3710 poeta,
922 3647 998 3692 cave
1020 3627 1129 3693 credas
1143 3628 1244 3712 Berg-

150 3742 201 3807 kio
226 3753 270 3823 (p.
286 3744 361 3820 11):
385 3742 494 3824 quippe
523 3752 550 3803 e*
563 3740 672 3822 quibus
694 3744 840 3820 quotquot
873 3737 923 3802 vel
943 3736 1057 3802 diserte
1078 3737 1246 3804 afferuntur

147 3851 386 3932 ascriptoribus
411 3851 581 3932 fragmenta
600 3847 651 3912 vel
671 3851 911 3910 consentaneum
933 3852 979 3911 est
995 3846 1132 3927 fluxisse,
1156 3866 1192 3912 ea
1215 3853 1246 3912 et

151 3963 290 4026 crebram
317 3966 347 4024 et
370 3965 561 4024 constantem
580 3959 670 4021 nnius
683 3974 834 4038 personae
847 3955 1079 4037 appellationem
1101 3956 1243 4038 produnt.

147 4073 254 4156 Neque
274 4076 354 4136 enim
378 4087 457 4152 quae
479 4069 511 4132 in
534 4084 697 4145 coaersu,
720 4083 780 4147 quo
799 4065 957 4148 Diogenes
976 4071 1105 4130 testatur
1123 4073 1244 4147 poetam

147 4181 312 4263 allocutum
333 4198 405 4245 esse
427 4177 624 4256 Pausaniam,
655 4176 848 4257 inexpectata
875 4176 1011 4239 occurrit
1029 4175 1177 4258 particula
1198 4179 1244 4257 δέ,

149 4290 220 4355 eius
242 4292 315 4353 usus
338 4289 417 4353 inter
446 4293 507 4351 tam
536 4291 684 4370 angustos
715 4285 793 4349 lines
826 4283 1054 4348 concludendus
1088 4291 1137 4349 cst
1155 4304 1245 4368 quam

148 4396 299 4483 Bergkius
319 4396 437 4478 voluit,
457 4395 586 4461 Porsoni
621 4396 659 4461 ad
690 4395 792 4480 Eurip.
816 4395 916 4463 orest.
942 4394 1004 4460 ott
1039 4405 1124 4473 (cam
1145 4395 1244 4462 sabito

1024 4521 1045 4564 {t
