2796 4942
819 347 825 360 ι

699 371 909 430 -ffl‘-

261 560 347 636 Quae
369 570 437 620 euro
460 553 501 617 ita
524 550 714 630 rehabeant,
739 547 957 632 percommode
975 546 1097 628 oceidit,
1113 546 1198 630 qnod
1221 560 1288 611 voe.
1301 545 1357 612 352

260 665 345 731 -63
367 664 435 728 eins
464 662 608 727 carminis
643 661 740 725 fuisse
770 658 950 741 principium
984 657 1153 722 illustribus
1182 655 1358 722 testimoniis

267 779 453 858 compertum
477 773 625 837 habemus
649 769 756 852 (timp,
771 766 847 848 Vllt,
873 766 925 847 54,
946 766 1014 841 61).
1057 764 1132 830 tute
1153 764 1253 850 igitur
1275 783 1358 831 αισι.

265 887 347 952 dium
369 878 542 966 disputandi
578 877 750 943 ducendum
779 883 836 942 σοι.
888 874 1046 941 Proiitetur
1075 875 1121 940 eiu
1152 893 1189 941 se
1215 881 1357 958 poetam

228 973 233 982 ’
263 995 412 1084 gloriatur
426 1010 489 1056 non
504 992 564 1054 iam
581 990 661 1052 inter
679 987 850 1053 mortalium
863 1003 993 1070 gregem
1015 985 1172 1050 numerari
1192 985 1316 1071 iamque
1325 987 1356 1053 ai

261 1106 312 1170 dei
334 1103 512 1190 dignitatem
528 1099 627 1166 evehi.
650 1098 739 1175 Quod
760 1096 876 1161 nonde
897 1114 976 1160 vana
993 1094 1208 1179 lymphataque
1227 1096 1356 1164 hanon·

260 1216 364 1296 tione,
396 1212 453 1277 sed
484 1210 523 1275 de
554 1215 657 1274 certae
688 1207 847 1272 doctrinae
876 1205 1077 1288 persuasione
1103 1205 1385 1289 interpretandum

261 1342 343 1404 esse,
358 1320 471 1386 docem
484 1318 557 1382 utut.
572 1319 612 1382 de
632 1318 672 1382 Ie.
684 1336 713 1399 p.
730 1315 790 1381 361
812 1312 1020 1397 Ἐμπεδοκλῆς
1042 1312 1078 1378 tt
1099 1316 1156 1379 κοιι
1176 1310 1271 1392 δέκας
1289 1312 1385 1435 popuii

262 1426 386 1498 διδόναι
415 1427 488 1502 τούς
518 1417 729 1509 δαίμονας
704 1433 789 1504 ιον(
774 1419 902 1504 (.add'
887 1448 926 1488 αν
925 1423 1159 1508 )έξομοὶριοισι
1187 1426 1246 1492 καί
1266 1392 1385 1512 aurp.

249 1535 449 1624 ·μιλῆσοοοιν.
474 1537 632 1619 Αέθέοιον
653 1536 712 1616 μὲν
730 1534 792 1618 yo'p
813 1555 875 1620 σφι
894 1536 988 1614 μένος
1009 1536 1075 1596 κτλ.
1103 1542 1182 1613 (vus
1199 1534 1386 1617 377—80)

261 1641 357 1732 ἄχρις
389 1636 429 1708 οὗ
466 1647 671 1722 κολασθέντες
705 1640 789 1708 οὕτω
821 1666 873 1705 και
906 1643 1209 1726 καθαρθέντες
1239 1634 1355 1721 ον’θιι

259 1754 454 1841 τὴνκαιὰ
499 1752 627 1840 φύσιν
666 1753 804 1836 χώραν
842 1775 909 1815 και
943 1750 1068 1828 ια’ξιν
1098 1749 1377 1837 ἀπολάβωσι·

261 1868 356 1934 Giem.
378 1868 426 1932 Al
450 1874 555 1932 strom.
577 1885 605 1949 p.
622 1867 684 1930 639
709 1865 785 1928 Pott.
821 1884 900 1946 φησι
896 1862 958 1925 δὲ
981 1885 1034 1926 και
1056 1861 1094 1924 ’.Ε
1126 1861 1204 1927 τῶν
1224 1865 1354 1953 σοφοῖν

259 1973 647 2061 ταςψσχὰςθοούς
677 1976 900 2056 γι’,νισθαι
932 1960 997 2035 οιέέ
1020 1996 1086 2050 πως
1107 1996 1253 2062 γραφοον
1287 1984 1353 2058 (ιιι

260 2087 424 2165 447-49)
447 2086 490 2150 id.
516 2105 544 2168 p.
568 2076 671 2149 tw*
652 2109 692 2166 ην
712 2080 797 2145 δέ’
781 2106 877 2158 οσιιος
898 2103 952 2143 και
981 2083 1111 2158 δικαίως
1133 2081 1387 2177 drepanium,

260 2218 414 2280 μακαριοι
436 2198 495 2275 μέν
518 2196 671 2274 ἐνταῦθα,
698 2191 933 2276 μακαριώτεροι
965 2191 1001 2256 δέ
1028 2187 1109 2273 μετὰ
1142 2188 1203 2276 τὴν
1238 2189 1387 2271 ένθέκέι“
1385 2222 1387 2275 Ι

260 2302 446 2389 ἀπαλλαγὴν
466 2301 504 2366 oui
524 2301 630 2389 χρόνῳ
652 2303 718 2366 τινι·
736 2299 793 2387 τὴν
823 2299 1031 2381 ια’έαιμονιάν
1049 2300 1197 2386 ἔχοντες.
1228 2303 1352 2372 tutto
1384 2284 1388 2351 5

263 2415 357 2481 σέαῑνι
379 2407 606 2477 οἶναιιαύισθαι
628 2408 814 2500 δυνάμενοι·
841 2407 1013 2487 ἀθανάτοις
1034 2398 1177 2478 ἄλλοισιν
1197 2419 1262 2480 art.
1285 2424 1351 2496 (m.
1384 2434 1388 2449 ¹

259 2525 334 2593 450.
349 2526 407 2605 51)
429 2522 448 2606 ἢ
466 2522 642 2609 φιλόσοφος
662 2521 904 2603 Ἐμπεδοκλέους
916 2514 999 2605 λέγει
1021 2520 1176 2609 ποιητική.
1200 2525 1349 2620 SiobAEtl·

258 2636 348 2721 phys.
371 2635 396 2715 Ι,
411 2635 443 2711 3,
457 2633 499 2698 62
520 2633 575 2696 καὶ
597 2626 689 2707 θείας
711 2634 771 2712 μέν
785 2628 887 2714 οἴεται
907 2629 1151 2716 (Ἐμπεδοκλῆς)
1160 2635 1201 2717 ⁴4)
1221 2633 1277 2714 ταὶς
1294 2623 1349 2718 φά·

259 2739 334 2830 χές,
354 2747 505 2818 θειόος
535 2743 570 2806 δὲ
600 2737 655 2825 καί
678 2738 752 2816 τούς
780 2743 974 2824 μετέχοντας
1008 2739 1114 2806 αὐτῶν
1144 2740 1349 2839 κοθσοσιὶζς

262 2855 466 2939 καθαραῖς.
512 2853 627 2928 Quibus
651 2872 669 2917 e
691 2852 790 2933 loeis,
813 2853 865 2916 ubi
887 2841 1027 2918 attentas
1050 2851 1094 2916 sis
1115 2855 1211 2921 verba
1234 2857 1298 2940 ipra
1316 2853 1346 2921 ιέ

261 2959 451 3049 καθαρμούς
471 2969 623 3045 spectare,
647 2981 716 3029 oum
733 2980 827 3028 nausa
847 2968 940 3046 patet,
964 2981 1020 3027 our
1043 2981 1079 3029 se
1098 2964 1269 3032 rediturum
1288 2976 1365 3049 σοι’

261 3076 338 3140 rarit
366 3073 568 3156 Empedocleo
599 3073 638 3138 nd
672 3074 799 3138 deorum
821 3073 1065 3154 daemonumque
1087 3075 1275 3158 concilium,
1296 3074 1346 3140 rita

262 3202 372 3266 nempe
402 3184 639 3248 incontaminata
675 3183 724 3247 vet
752 3188 836 3246 certe
872 3201 890 3246 a
922 3183 1004 3247 vitiis
1035 3189 1182 3250 avocata:
1220 3192 1283 3252 tum
1309 3187 1345 3251 ιιι

261 3297 367 3375 aperte
388 3292 557 3373 iudicatur,
586 3297 710 3374 propter
741 3291 861 3356 scetere
896 3292 1046 3374 quaedam
1077 3293 1246 3362 daemones
1276 3293 1343 3363 ati·

259 3401 341 3466 uinis
364 3400 489 3466 sedibus
507 3401 647 3466 detrusos
676 3407 736 3464 tam
759 3399 811 3462 diu
831 3399 864 3462 in
885 3401 977 3466 terris
999 3404 1120 3487 uagari,
1142 3405 1214 3469 dum
1237 3411 1268 3471 et
1286 3414 1357 3471 σοι·

261 3512 359 3577 lerum
380 3527 498 3593 poenas
521 3511 633 3574 luerint
654 3516 685 3574 et
705 3510 904 3594 purgationes
927 3512 1130 3577 oonieoerint.
1153 3516 1188 3578 ‘A
1210 3509 1340 3598 principio

262 3621 356 3707 igitur
377 3621 521 3686 carminis
548 3621 590 3684 ita
610 3637 795 3706 progressus
818 3622 859 3686 sit
878 3627 970 3703 poeta
996 3640 1129 3688 necesse
1150 3629 1208 3706 eut,
1231 3631 1274 3707 ut,
1298 3632 1340 3705 qm

264 3730 336 3795 olim
355 3731 482 3796 deorum
507 3731 569 3794 iato
593 3748 714 3814 quoque
735 3731 853 3818 flagitio
874 3732 906 3796 in
927 3733 984 3798 has
1005 3734 1162 3801 terrestris
1184 3735 1266 3802 vitae
1287 3744 1342 3801 stt·

264 3842 320 3906 des
342 3847 431 3923 atque
453 3840 610 3926 angustias
629 3841 781 3924 delapsus,
806 3849 866 3906 tum
883 3842 1005 3909 demum
1024 3849 1094 3926 post
1105 3845 1287 3929 multiplicer
1304 3854 1353 3908 σο·

259 4018 560 4030 u———n———n-u—

365 4112 394 4182 )
413 4111 452 4164 Do
472 4126 505 4163 eo
524 4111 583 4163 ioco
602 4113 681 4165 toene
699 4119 821 4182 corrupto
833 4114 896 4182 quid
911 4114 1030 4182 rentiam,
1047 4116 1109 4168 alibi
1129 4131 1274 4186 exponam·
1267 4100 1384 4170 ·n11⁸³⁰

222 4213 362 4261 tantum
382 4209 451 4261 inter
469 4223 577 4276 omnes,
596 4213 641 4278 qui
633 4226 719 4262 reum
739 4219 888 4277 tractarunt,
917 4219 1027 4277 constat,
1047 4214 1177 4268 exciditne
1195 4183 1392 4343 Empedocflj

263 4306 571 4373 nomenniomen
601 4307 679 4362 allata
698 4307 770 4363 nulla
788 4307 888 4362 maenia
916 4311 1014 4364 intecta
1033 4325 1101 4380 αισι,
1122 4327 1148 4366 v
1170 4312 1279 4369 iirireire
1295 4289 1392 4368 Fu,

262 4402 522 4473 munnpmp.123.
