2782 4936
143 542 212 592 rum
232 530 353 608 poetam
375 525 508 589 irrueret
524 523 617 604 mola,
637 523 804 607 lyricarum
824 522 1056 608 tragoediarum
1080 527 1260 599 thesaurus

144 636 175 701 ei
198 635 351 701 eruendus
374 635 540 699 videretur.
562 632 619 696 Cui
642 632 734 696 doleo
753 636 867 697 tantmn
887 635 1083 699 concessisse
1107 639 1260 708 Geelium

144 752 209 827 (ap.
231 745 330 808 Karst.
351 761 379 824 p.
399 743 478 824 519)
508 748 542 806 ιιι
570 759 627 824 pro
661 737 771 805 ἔπειτα
792 743 917 822 αὐτοῖς,
952 761 1031 824 quac
1050 745 1259 835 legebantur,

145 853 310 935 dntrdpoec
331 853 447 918 audens
470 853 639 918 fabularum
660 852 808 934 epitomas
831 852 946 917 ebcere
973 855 1124 922 sorderet.
1173 861 1258 928 Nam

148 963 216 1027 eius
235 960 308 1043 loci,
334 980 424 1045 quem
445 981 465 1026 e
489 962 597 1027 (lebeti
616 960 787 1040 codicibus,
808 962 939 1042 opinor,
962 962 1036 1027 tulta
1055 971 1258 1039 recensione

144 1071 227 1153 dedi,
251 1086 328 1154 (prae
348 1071 635 1155 videturstribligo‚
656 1071 823 1150 evanescit,
846 1071 899 1135 ubi
923 1075 1121 1154 excerpentis
1137 1082 1259 1146 memi-

143 1181 229 1247 neris
247 1181 415 1267 Diogenis,
453 1180 504 1262 qui
537 1197 606 1243 cum
626 1179 747 1243 duobus
769 1178 848 1243 locis
869 1179 1045 1262 loquentem
1066 1182 1108 1248 de
1131 1185 1197 1252 bac
1219 1209 1258 1257 re

145 1289 267 1357 rideret
275 1290 458 1372 Neantbem,
477 1289 682 1373 posteriorem
700 1288 802 1353 locum
821 1289 970 1371 particula
991 1286 1101 1361 ἔπειτα
1124 1295 1259 1366 indica.

148 1401 209 1465 uita
232 1399 315 1483 quod
334 1400 379 1465 uti
392 1399 549 1465 scribendi
568 1399 761 1464 velocitatem
773 1398 886 1481 prodit,
910 1400 951 1464 ita
964 1401 1001 1465 ln
1013 1404 1167 1483 proximis
1182 1413 1257 1474 ador

145 1497 324 1575 istcinest
352 1508 483 1595 insignis
509 1515 561 1573 aut
596 1508 803 1590 compilatoris
834 1509 1031 1592 neglegentia
1059 1519 1113 1575 aut
1141 1519 1257 1583 mendi

143 1617 288 1683 foeditas.
332 1619 446 1683 Tamne
468 1618 550 1683 enim
571 1618 735 1683 absurdum
757 1618 854 1683 tuisse
882 1618 1043 1684 credamus
1061 1623 1256 1704 Neantbem,

145 1734 188 1808 ut,
212 1726 376 1793 dummodo
401 1729 439 1793 ab
460 1727 657 1810 Empedoclis
685 1733 845 1793 senectute
873 1728 1085 1810 plilosopbicis
1108 1732 1254 1803 decretis

149 1838 345 1921 superbiente
366 1856 480 1903 scenae
503 1837 685 1903 detenderet
706 1837 871 1918 levitatem,
895 1837 1032 1903 eiusdem
1057 1841 1255 1910 adulescen-

143 1947 217 2013 tiam
237 1949 441 2033 quadraginta
454 1955 585 2031 φιιιιιοε
597 1948 767 2015 fabularum
790 1949 925 2028 operiret
940 1949 1090 2015 immenso
1115 1951 1253 2022 labore?

104 2034 298 2138 ¹⁴'Quicquid
317 2058 474 2139 malueris,
496 2059 563 2122 sive
582 2059 755 2144 Diogenem
782 2058 850 2122 sivo
869 2057 1025 2122 librarium
1049 2061 1250 2148 oscitantem,

143 2166 316 2246 Neantbes,
339 2167 553 2249 mihicrede,
590 2186 653 2233 non
686 2168 726 2233 de
760 2168 871 2232 iuvene
894 2169 1100 2251 Empedocle,
1124 2175 1186 2237 sed
1210 2176 1251 2240 de

140 2275 264 2341 iuniore
296 2277 429 2358 quodam
454 2277 544 2343 buius
573 2278 706 2342 nominis
727 2278 847 2343 locutus
882 2284 930 2343 est
954 2276 1122 2362 (νεώτερόν
1143 2295 1248 2363 τινα).

147 2384 236 2461 Quod
257 2391 291 2451 ιιι
311 2392 393 2451 tanta
422 2386 606 2453 confidentia
635 2406 766 2470 ponam,
787 2388 862 2453 lacit
884 2387 997 2454 Suidae
1028 2408 1053 2453 s.
1079 2409 1108 2452 v.
1131 2410 1248 2477 perop-

141 2501 272 2579 portuno
294 2496 373 2560 haec
395 2496 573 2563 adnotatio:
603 2495 829 2581 Ἐμπεδοκλῆς,
849 2499 1062 2580 θυγατριδοῦς
1082 2502 1141 2563 τοῦ
1166 2527 1248 2585 προ-

143 2591 254 2689 τέρουῒ,
277 2605 440 2688 τραγικός·
491 2609 668 2694 τραγῳδίαι
695 2603 796 2671 αὐτοῦ
821 2606 866 2669 κδ’
877 2629 886 2670 r
920 2623 999 2688 quae
1021 2607 1103 2688 quod
1124 2610 1166 2677 de
1189 2631 1248 2677 nl·

143 2733 230 2781 mero
252 2715 428 2798 discrepant
450 2717 489 2781 ab
510 2717 721 2802 Hieronymo,
755 2716 916 2780 faciliuse
950 2718 1197 2800 corruptelarum
1217 2724 1249 2788 in

141 2826 278 2891 numeris
298 2826 462 2891 crebritate
483 2826 660 2909 explicatur,
683 2844 773 2909 quem
794 2831 827 2890 ut
851 2826 1032 2891 emendasse
1052 2827 1148 2894 iuvet.
1186 2833 1252 2900 lle-

141 2937 268 3023 raclidis
289 2943 390 3003 aulem
411 2938 624 3003 auctoritatem
645 2930 772 3021 (ἑτέρου
788 2931 870 3002 εἶναι
890 2935 949 3010 τὰς
961 2938 1159 3024 τραγῳδίας)
1184 2961 1249 3009 uon

142 3054 190 3112 est
213 3065 269 3112 cur
290 3066 353 3113 non
374 3048 407 3111 in
429 3048 561 3113 candem
582 3047 765 3115 sententiam
785 3047 890 3113 valere
913 3046 1061 3111 dieamus.
1104 3049 1144 3113 Ει
1166 3052 1246 3118 Ilie-

141 3159 264 3242 ronpmi
286 3177 424 3224 emonem
436 3178 484 3239 >ne
504 3159 793 3242 reprehendendum
824 3157 947 3239 quidem
969 3157 1095 3240 gravius
1117 3179 1249 3246 censeo,

144 3267 267 3351 qnando
289 3268 414 3334 alterius
427 3268 623 3351 Empedoclis
643 3284 757 3331 nomen
779 3283 894 3330 summa
912 3266 992 3348 apud
1012 3283 1122 3331 ornnes
1143 3269 1246 3339 laudis

144 3377 225 3445 fama
248 3377 389 3457 florebat,
413 3378 539 3443 alterius
560 3383 621 3441 tam
642 3376 762 3460 penitus
785 3375 941 3442 oblivione
962 3375 1102 3441 obrutum
1123 3384 1194 3462 est,
1217 3388 1250 3446 ut

140 3487 201 3552 nisi
222 3487 255 3551 in
276 3485 389 3552 Suidae
406 3487 533 3553 latebris
551 3504 700 3568 nusquam
720 3504 801 3550 nunc
823 3492 979 3570 appareat.

214 3597 269 3661 llis
288 3597 379 3662 multo
392 3597 518 3662 maioris
531 3602 579 3662 est
590 3597 735 3662 momenti
749 3615 787 3662 ea
798 3597 948 3681 quaestio,
961 3613 1040 3680 quae
1055 3597 1094 3660 de
1109 3599 1248 3684 scripto-

142 3723 209 3772 rum
223 3707 262 3770 ad
275 3724 374 3793 genus
386 3707 630 3789 philosophicum
642 3708 856 3790 pertinentium
868 3725 995 3772 numero
1006 3712 1036 3773 et
1044 3707 1150 3775 indole
1164 3730 1247 3779 nuno

140 3816 328 3882 instituenda
347 3822 403 3881 est.
426 3819 474 3882 Ao
496 3818 753 3901 proficiscendum
775 3823 822 3885 est
842 3818 881 3883 ab
903 3817 1022 3883 duobus
1042 3820 1246 3900 perbrevibus

144 3926 295 4012 Diogenis
310 3931 340 3991 et
351 3925 464 3992 Suidae
485 3926 575 4008 locis,
599 3943 727 4008 quorum
748 3933 850 3992 maren
866 3931 898 3991 ot
910 3927 1077 3992 auctoritas
1090 3934 1120 3991 et
1132 3931 1248 3997 utilitas

145 4042 334 4120 coungatur,
348 4036 600 4119 quodutrumque
622 4054 678 4099 suo
693 4053 779 4100 more
799 4054 817 4100 e
830 4036 1096 4119 grammaticorum
1106 4037 1249 4106 Alexan-

146 4126 305 4209 drinorum
325 4145 550 4210 commentariis
567 4145 634 4211 sive
648 4143 759 4208 tabulis
779 4144 836 4221 (cl.
848 4144 965 4211 Ritsehl
986 4145 1059 4211 bibl.
1075 4147 1246 4216 Alexandr.

150 4255 397 4337 plebeioque
420 4255 551 4322 diversis
575 4255 716 4321 hausisse
737 4271 789 4320 res
812 4255 881 4337 ipsa
900 4253 1000 4320 docet.
1043 4255 1128 4326 lilius
1157 4259 1245 4327 locrrs

151 4364 197 4429 esi
217 4363 295 4445 vill,
319 4363 359 4428 tl
371 4383 379 4428 τ
400 4360 437 4428 τὰ
456 4365 515 4445 μὲν
537 4355 594 4430 ode
615 4361 690 4448 napi
712 4360 840 4463 pujgeooc
867 4360 952 4452 αὐτῷ
975 4365 1030 4429 καί
1050 4361 1081 4430 oi
1102 4368 1244 4457 Καθαρ-
