2782 4936
72 538 182 623 quibus
204 541 306 603 tameo
330 536 370 603 de
388 536 472 624 ignis
494 535 632 602 remedio
664 554 743 619 quae
763 522 886 620 namot,
906 532 1014 601 nescio
1037 546 1077 602 art
1094 534 1169 601 Em-

69 648 208 733 pedoclis
225 666 293 712 cum
306 648 441 713 heronis
456 647 580 713 nomine
602 647 837 728 commiscuerit,
859 647 910 730 qui
921 646 1051 712 Athenis
1072 646 1168 712 luisse

72 761 177 844 ibique
202 765 319 843 pestem
338 759 422 844 ignis
452 759 483 822 vi
506 758 657 841 repulisse
692 758 868 841 perhibemr
899 757 988 836 (Plut.
1012 757 1052 821 de
1074 757 1168 821 ls.·et

71 873 124 939 Os.
145 889 174 953 p.
188 870 278 951 383).
323 870 384 936 Sed
408 869 436 934 si
456 869 587 935 maxime
608 867 669 932 tale
690 869 833 952 quiddam
857 868 934 953 legit
955 867 1067 932 Plinius
1088 865 1169 950 apud
1272 945 1273 949 ρ

74 979 513 1062 Empedoclem,‘merhoratur
533 997 572 1044 ex
594 979 683 1043 huius
697 977 832 1042 carmine
843 977 970 1062 physico
992 983 1052 1043 tom
1071 975 1171 1040 subti-
1247 1047 1248 1050 Ἴ
1304 1046 1309 1056 ,

73 1090 112 1154 lis
131 1106 236 1155 rerum
267 1086 309 1154 ud
329 1088 428 1171 ipsam
456 1094 554 1153 artem
576 1088 728 1154 medicam
758 1088 959 1171 spectantium
989 1085 1120 1152 scientia
1139 1090 1171 1153 et

74 1198 210 1284 cognitio
232 1207 278 1278 (u.
299 1202 424 1280 praeter
446 1196 506 1263 alie
519 1196 594 1261 Plut.
615 1197 693 1280 plac.
717 1195 791 1280 phil.
820 1197 872 1261 lib.
896 1196 1052 1279 wollt),
1074 1201 1107 1260 ut
1128 1210 1170 1261 ne

74 1308 150 1374 illud
164 1307 288 1392 quidem
308 1305 347 1373 ab
367 1306 456 1373 buius
469 1305 618 1373 carminis
639 1311 820 1391 argumento
843 1305 1042 1373 abhorruisse
1060 1304 1172 1372 dicen-

73 1570 163 1628 τόπον
182 1546 427 1643 circumsonor}
445 1571 494 1637 τῆς
512 1571 614 1641 βουλῆς
635 1562 859 1637 strassenrauber
876 1568 1010 1642 πατρῴου
1024 1568 1172 1643 μνήματος

74 1665 122 1722 διά
140 1660 192 1734 τὴν
216 1667 248 1727 έν
269 1676 328 1728 τοῖς
348 1668 456 1738 ίαιροίς
483 1658 641 1739 άκρδτητα,
663 1659 814 1739 παρελάών
840 1664 909 1721 δἘ.
929 1665 1070 1733 indicos,
1090 1666 1124 1722 τά
1137 1666 1169 1722 -s'

74 1762 148 1818 etta
171 1767 238 1836 περί
255 1762 380 1831 ἰσότητος
398 1763 557 1835 διαλεχθείς
580 1767 629 1818 καί
647 1782 674 1818 τι
699 1767 747 1818 καὶ
762 1763 893 1821 τοιοῦτον
915 1765 1070 1837 ἐρωτήσας·
1097 1760 1170 1818 τίδ’

77 1859 280 1935 ἐπιγράψομεν
296 1861 439 1933 turparem
459 1857 474 1928 ἣ
491 1861 602 1930 τοῦπος)

269 1970 380 2047 ’Λαραν
399 1969 502 2046 ίατρδν
514 1972 627 2046 ’Ἀκροτν
644 1975 869 2048 Ἀκραγαντῖνον
886 1968 996 2046 πατρὸς
1012 1972 1115 2047 άκροο·

308 2071 429 2144 κρδπττι
444 2064 572 2145 κρημνὸς
590 2070 679 2144 άκρος
701 2070 839 2143 πατρίδος
856 2067 1021 2143 δκροτάτης,

75 2167 141 2221 acite
159 2166 312 2220 observarit
332 2166 502 2222 Gnssubonue
520 2167 553 2219 ad
575 2166 593 2220 1.
632 2166 685 2222 Sed
710 2167 788 2220 huius
807 2166 910 2220 distichi
929 2181 977 2236 per
996 2181 1026 2221 se
1046 2167 1109 2221 satis
1126 2166 1172 2219 in.

76 2263 140 2319 selei
161 2271 240 2334 atque
261 2271 353 2333 aperte
371 2264 405 2321 ad
423 2264 619 2319 similitudinem
637 2264 695 2317 eius
709 2263 937 2332 adnominationis,
956 2279 1008 2334 qus
1024 2262 1110 2319 lusan
1128 2268 1170 2319 est

75 2361 203 2431 principio
214 2361 377 2436 καθαρμῶν
1044 2414 1048 2421 ,

189 2459 242 2514 ³52
280 2453 302 2513 ὦ
324 2461 410 2533 φίλοι,
431 2459 461 2515 οἳ
475 2461 551 2533 μέγα
570 2456 641 2514 άστο
662 2455 733 2514 κατά
754 2460 861 2525 ξανθοῦ
878 2459 1092 2533 Ἀκράγαντος

274 2558 362 2613 ναίετ’
381 2557 418 2613 άν
436 2554 527 2631 άαρα
545 2554 662 2621 πόλεις,

72 2648 136 2717 licti,
156 2657 268 2720 augetur
286 2652 397 2721 originis
416 2653 532 2720 suspicio
543 2651 752 2720 narratiunculae
763 2652 922 2721 praemissae
933 2650 1021 2721 putida
1040 2649 1171 2718 fatuitate,

71 2760 139 2815 quea
157 2753 217 2814 post
233 2746 305 2800 illius
323 2746 425 2800 demum
458 2747 653 2802 fabricationem
678 2763 693 2800 a
714 2749 804 2802 nescio
833 2762 885 2819 quo
904 2747 1065 2801 homunculo
1082 2753 1170 2800 assuta

73 2843 185 2897 videtur.
232 2844 290 2908 Quo
317 2860 375 2897 cum
396 2845 535 2899 accederat
551 2846 705 2914 posterioris
726 2860 817 2899 uersus
835 2844 932 2914 duplex
950 2844 1070 2897 recensio
1086 2844 1172 2916 (τινές

70 2941 103 2996 δέ
119 2933 168 2998 τὸν
188 2940 321 3015 δεδτερον
341 2947 440 3014 στίχον
464 2941 535 2999 οὕτω
549 2946 758 3016 προφέρονται,
778 2942 932 3015 άκροιάτης
950 2947 1079 3014 κορυφῆς
1096 2941 1167 3015 τάμ-

68 3044 119 3109 dos
145 3035 232 3110 ἄκρος
257 3042 379 3110 κατέχοι)
403 3040 571 3109 auctorisque
597 3039 753 3092 incertitudo
780 3038 875 3109 (ιοῦτδ
905 3053 980 3100 τινες
1007 3036 1171 3112 Σιμωνίδου

71 3138 166 3208 φασιν
186 3132 294 3203 εἶναι),
323 3149 375 3189 non
401 3136 517 3189 dubitaui
543 3150 559 3188 ι
585 3135 789 3206 fragmentorum
815 3149 926 3203 corpore
950 3135 1078 3189 recidere.
1114 3134 1171 3188 lisa

70 3229 158 3284 lenius
194 3231 360 3285 iudicandum
394 3232 427 3286 de
460 3233 647 3303 epigrammate
684 3239 737 3285 tuna
772 3231 925 3300 Empedocli
955 3238 1008 3285 tum
1044 3231 1171 3289 Simonidi

10 3377 13 3381 .
68 3326 203 3395 ascriptos

264 3430 437 3494 Παυσανίην
458 3420 552 3502 ίητρδν
570 3425 723 3502 ἐπώνυμον
743 3402 872 3501 Anicio
894 3418 959 3485 αίάν

305 3522 377 3595 φάτ’
393 3522 602 3592 Ἀσκληπιάδην
618 3527 723 3597 πατρὶς
739 3525 846 3597 έδρεψτ
858 3509 944 3590 Τέλα

213 3629 217 3637 ”
238 3627 242 3639 ’
264 3613 300 3679 ta
317 3613 443 3682 ποίλοάς
458 3629 611 3696 μογεροῖσι
627 3624 859 3696 μαραινομένους
877 3619 1033 3694 καμάτοισι

306 3717 405 3789 φῶτας
424 3716 602 3790 άπέσιρεψτν
624 3717 811 3791 Φερσεφόνης
830 3714 949 3783 άδάτοιν,

69 3810 151 3882 qnod,
169 3811 228 3864 sive
245 3826 305 3864 cum
323 3811 443 3882 Diogene
461 3815 567 3886 ἔθρεψα
595 3813 653 3868 sive
683 3829 741 3866 cum
760 3800 920 3884 Anthologia
938 3812 1056 3868 Palatina
1074 3816 1166 3888 ἔθαψα

67 3908 177 3979 legitur,
196 3921 249 3959 non
260 3915 347 3976 potest
360 3924 413 3962 non
431 3909 459 3962 iu
480 3910 573 3963 mortui
586 3910 730 3962 Pausaniae
748 3911 896 3963 memoriam
913 3911 1083 3979 compositum
1098 3891 1167 3978 esse,

67 4004 146 4075 'quem
166 4003 271 4058 scilicet
289 4004 440 4059 Heraclides
459 4005 598 4074 Ponticus,
625 4007 786 4076 llippobatus
811 4013 837 4059 et
855 4006 974 4062 Timaeus
991 4009 1081 4080 (biog.
1098 4008 1166 4063 vtlt.

66 4097 113 4154 68.
132 4099 175 4154 69.
189 4099 238 4172 71)
257 4099 411 4170 Empedocli
430 4103 596 4171 superstitem
615 4103 699 4157 luisse
715 4103 831 4156 iudicant
849 4105 897 4170 (ol.
911 4103 1008 4175 Bergk.
1027 4113 1164 4158 comment.

69 4195 104 4249 de
123 4195 233 4265 Emped.
254 4211 371 4265 prooem.
392 4213 419 4267 p.
436 4198 455 4253 8
472 4203 512 4270 ιι.)
532 4228 565 4242 -
584 4197 706 4253 Ceterum
730 4198 815 4253 l’linio
843 4216 878 4254 ne
896 4201 928 4254 de
946 4201 1106 4254 medicorum
1125 4200 1165 4253 bi·

70 4292 151 4347 storia
168 4292 291 4349 fidentius
307 4294 398 4348 credas
421 4304 510 4351 mouet
529 4291 676 4366 exemplum
693 4296 851 4369 Epicharmi,
872 4300 940 4368 quod
960 4297 1163 4355 tractauitlllel-

72 4387 146 4444 cher.
166 4402 257 4460 opuss.
276 4392 289 4448 l
310 4407 336 4462 p.
355 4387 417 4449 ³40.
