2796 4942
153 553 183 621 d’
204 549 367 634 ii’Aidue
388 551 631 637 καταφθιμένου
651 552 744 632 μένος
765 545 894 637 α’νδρός)
916 549 998 615 haud
1020 548 1185 616 obscuram
1207 548 1250 614 il-

147 662 207 729 lius
231 660 371 728 medelae
399 660 658 745 significationem
682 660 834 741 caninat,
857 678 947 743 quam
968 661 995 725 si
1016 660 1158 724 Ponticus
1181 660 1251 742 ipse

146 792 165 839 e
187 771 335 856 peculiari
347 770 543 854 Empedoclis
565 770 645 835 libro
667 771 838 852 didicisset,
860 771 993 835 absurde
1015 771 1156 852 prolecto
1169 770 1252 836 Pau-

144 881 252 947 saniae
273 881 466 964 disciplinam
487 887 768 946 commemorasset.
811 881 890 946 lluic
906 887 1008 947 autem
1029 898 1097 944 cum
1118 880 1248 945 misstnn

146 1012 217 1060 case
238 1011 362 1061 carmen
382 993 543 1078 physicum
567 998 688 1058 constet
710 1003 756 1072 (v.
781 993 891 1074 inira),
911 1009 1025 1056 novum
1048 991 1108 1056 iam
1130 990 1251 1055 subna-

144 1104 241 1169 scitur
274 1108 509 1190 argumentum,
533 1119 589 1166 eur
609 1101 751 1167 versibus
782 1101 843 1166 illis
867 1102 900 1164 in
922 1102 983 1166 hoe
1004 1101 1141 1165 carmine
1162 1105 1251 1165 recte

151 1213 330 1281 vindicasse
351 1214 459 1280 sedem
479 1212 638 1278 videamur
658 1212 706 1290 tt).

246 1341 310 1406 lam
331 1358 371 1406 eo
402 1338 601 1422 devenimus,
636 1358 696 1423 quo
727 1357 873 1404 summam
916 1338 1005 1403 huius
1034 1338 1249 1421 disputationis

145 1450 323 1517 direximus.
349 1449 442 1514 ‘Nam
459 1467 581 1512 comen
594 1449 753 1531 ptpstoam
772 1465 911 1532 quaeque
928 1452 1079 1514 vocantur
1094 1447 1249 1531 lustratio,

148 1576 278 1642 quorum
296 1563 412 1624 tantum
433 1557 512 1622 tituli
533 1558 565 1621 in
588 1558 737 1643 Diogenis
759 1558 933 1640 Suidaeque
962 1557 1112 1642 catalogis
1134 1563 1250 1637 extant,

146 1669 307 1735 caluisse
336 1668 370 1732 in
399 1667 511 1754 vmgus
532 1674 636 1732 notum
659 1674 727 1748 est,
758 1668 867 1750 quibus
900 1666 1100 1750 philosophus
1131 1667 1251 1732 suade

146 1779 241 1846 reltus
260 1777 585 1860 dinmislumauisque
606 1778 654 1842 vel
669 1796 725 1842 suo
742 1778 869 1862 ingenio
891 1777 1017 1842 inventa
1037 1776 1089 1840 vel
1110 1796 1149 1842 ex
1169 1776 1252 1842 alio-

147 1907 215 1954 rum
238 1888 372 1955 inventis
393 1887 584 1952 conformata
608 1886 812 1973 consignavit.
834 1888 941 1968 Deapre
965 1886 1013 1951 his
1035 1903 1097 1949 non
1118 1887 1251 1970 exiguus

148 2005 195 2063 est
224 1997 274 2063 vel
300 1997 545 2063 testimoniorum
574 1996 624 2061 vel
653 1997 895 2080 fragmentorum
922 2013 1088 2076 numerus,
1112 2001 1157 2076 ut,
1183 2014 1252 2061 cum

150 2112 241 2174 antea
262 2107 343 2172 inter
365 2107 575 2190 suspicionum
598 2106 906 2188 coniecturarumque
933 2105 1069 2170 incertos
1093 2104 1173 2170 lines
1194 2124 1253 2171 aa·

149 2217 285 2302 padum
308 2217 419 2298 luerit,
448 2217 500 2280 hie
519 2218 579 2282 iarn
599 2216 784 2281 firmioribus
816 2217 849 2278 in
871 2217 1076 2280 fundamentis
1099 2216 1180 2280 strui
1201 2224 1253 2281 ar.

148 2331 294 2412 gumenta
314 2343 442 2408 sperare
463 2325 566 2390 liceat.
610 2326 677 2402 Quo
698 2327 797 2409 magis
820 2327 944 2408 mirere,
968 2331 1112 2408 quantam
1135 2326 1200 2390 sibi
1214 2325 1254 2405 ,iu

57 2458 68 2477 ·
150 2437 212 2501 hoe
233 2435 305 2501 loco
318 2434 502 2500 indulserint
525 2435 648 2518 quidam
668 2435 834 2500 licentiam.
848 2436 937 2500 Velut
952 2436 1060 2500 nescio
1082 2435 1169 2502 unde
1189 2437 1255 2500 ori-

41 2621 43 2626 ,
151 2545 252 2627 urdus
274 2545 313 2611 de
335 2546 482 2631 φυσικῶν
503 2549 534 2610 et
555 2546 729 2628 καθαρμῶν
751 2544 832 2609 nulla
851 2546 912 2608 nisi
939 2545 1094 2609 titulorum
1118 2544 1253 2611 diversi-

152 2663 215 2723 tate
235 2673 342 2722 rumor
362 2656 395 2720 in
416 2655 581 2738 plerosque
613 2672 730 2735 eorum,
752 2657 803 2738 qui
825 2656 864 2720 de
885 2656 1014 2720 historia
1043 2654 1250 2740 philosopttae

154 2767 325 2852 generatim
351 2767 551 2848 seripserunt,
574 2764 670 2829 libros
686 2767 821 2848 irrepsit,
846 2783 913 2829 cum
927 2765 1101 2829 incredibili
1122 2765 1254 2848 quodam

158 2877 258 2942 omnis
282 2875 678 2958 doctrinaeEmpedocleae
699 2882 784 2940 recte
802 2875 1042 2962 cognoscendae
1058 2875 1257 2941 detrimento.

156 2988 211 3052 Oui
233 2993 334 3052 tamen
353 2987 470 3051 rumori
497 2986 599 3067 aliqua
633 2985 742 3051 saltem
762 3004 801 3049 ex
834 2991 920 3068 parte
942 2985 1099 3049 fulciendo
1123 2985 1170 3048 nil
1194 2986 1262 3051 lero

153 3103 254 3179 potest
272 3096 432 3160 admoveri
452 3096 513 3160 nisi
534 3097 684 3180 Diogenis
708 3096 866 3161 amborum
898 3095 1262 3180 carminum-singularis

156 3204 307 3289 quaedam
338 3205 509 3287 copulatio:
539 3211 570 3268 at
599 3204 687 3267 huius
717 3222 786 3268 curn
817 3205 919 3285 plures
943 3205 1063 3286 possint
1084 3204 1263 3290 excogitari

157 3315 307 3396 rationes,
327 3319 390 3378 tum
411 3313 462 3377 isti
481 3312 725 3395 interpretationi
748 3312 867 3376 intimus
891 3314 943 3376 vix
965 3313 1052 3377 locus
1073 3313 1259 3400 largiendas

153 3432 209 3492 est.
252 3426 339 3501 Quae
369 3423 441 3488 olim
465 3442 533 3487 oum
555 3423 629 3485 mihi
660 3440 781 3505 quoque
809 3423 949 3488 mirificet
969 3424 1108 3506 placeret
1130 3425 1266 3490 omnia--

156 3553 214 3619 que
235 3540 400 3614 tentarem,
422 3531 550 3596 etmihi
571 3531 630 3615 ipsi
652 3532 824 3614 probarem,
845 3551 937 3614 nunc,
958 3539 1118 3616 postquam
1138 3551 1180 3600 ea
1202 3552 1259 3618 spe

156 3662 283 3727 prorsus
306 3644 469 3710 frustratus
491 3660 580 3722 sum,
602 3643 721 3724 penitus
743 3643 975 3724 relinquendam
997 3661 1067 3709 esse
1088 3643 1165 3708 mihi
1189 3662 1265 3728 per·

158 3805 398 3827 -—

257 3918 288 3993 ⁴l)
307 3921 424 3976 Sturrius
451 3935 563 3991 eumque
589 3919 673 3973 secuti
694 3919 844 3972 llarsteuius
870 3927 896 3971 et
920 3908 1049 3990 Bergidae
1064 3886 1190 3973 'nimium
1214 3919 1264 3973 tri-

156 4017 270 4070 buerunt
287 4019 347 4084 ais,
375 4033 443 4088 quae
470 4017 560 4070 lriarte
587 4017 664 4070 catal.
685 4016 777 4070 llatrit.
797 4033 823 4084 p.
834 4013 886 4070 450
905 4015 939 4068 de
956 4015 1048 4067 codice
1061 4015 1179 4084 quodam
1200 4032 1264 4070 uar-

157 4115 231 4180 rauit,
249 4114 276 4166 in
295 4129 347 4183 quo
360 4115 503 4183 praemisso
522 4114 573 4167 lroc
593 4113 685 4166 titulo:
703 4114 894 4186 Ἐμπεδοκλῆς
912 4117 1068 4184 Παυσανίᾳ
1084 4112 1261 4187 ὑφηγῆσαω

156 4213 188 4274 τὸ
210 4218 330 4286 dunois,
349 4218 472 4285 descripti
492 4224 551 4268 suut
568 4230 663 4270 novem
677 4214 717 4267 illi
736 4230 837 4268 versus.
869 4214 910 4267 Nil
930 4213 1264 4283 ampliusEmpedocleum

159 4316 295 4369 continere
309 4330 367 4368 eum
379 4315 496 4368 codicem
513 4313 709 4367 miscellaneam
721 4320 761 4364 sat
780 4318 870 4379 aperte
890 4312 984 4363 indicat
1003 4312 1101 4378 lriarte,
1122 4310 1197 4368 haec
1215 4330 1264 4368 uu·

160 4420 210 4468 tem
231 4415 288 4485 ipsa
307 4413 438 4484 descripta
456 4426 516 4469 esse
534 4411 566 4465 dc
584 4411 713 4481 Diogene,
732 4410 813 4464 verba
833 4408 934 4462 docent.
