2796 4942
218 557 321 638 potent
338 550 483 636 probari;
506 552 664 636 possitque
683 551 745 619 huo
765 552 882 633 umere,
902 549 985 635 quod
1005 549 1183 616 Aristotelia
1206 548 1323 615 dietum

219 661 368 746 (metaph.
390 661 414 743 l,
436 660 458 727 δ
482 652 701 746 Ἀναξαγόρας
731 662 767 726 il
796 659 815 723 δ
837 661 1056 740 Κλαζομένιος
1078 663 1116 746 ιη’
1136 661 1198 741 μὲν
1218 653 1325 747 ἧλιαίρ

220 768 375 858 πρότερος
394 763 440 837 ῶν
460 769 576 839 τούτου
597 770 892 853 (Ἐμπεδοκλέους),
916 777 981 847 τοῖς
1002 771 1030 833 δ’
1052 766 1155 854 ἔργοις
1175 759 1324 851 insopor)

220 896 285 947 non
305 879 546 965 improbabiliter
569 880 618 945 ric
637 880 893 961 interpretantur,
920 886 954 943 ut
974 879 1192 962 Empedoclem
1213 885 1324 962 poste-

221 992 287 1057 rius
308 996 412 1057 natum
433 1007 521 1070 esse,
552 988 725 1055 dootmnam
752 995 853 1055 autem
883 989 966 1073 prius
991 1007 1081 1075 quum
1104 992 1323 1073 Anaxagoram

228 1101 408 1183 exposuisse
440 1099 559 1164 dicant:
593 1099 677 1181 quob
710 1116 779 1165 oum
806 1100 846 1164 ad
872 1100 999 1184 physico
1030 1105 1143 1165 tanum
1165 1099 1324 1182 pertinere

226 1214 382 1292 apparent,
403 1207 542 1291 sequitur
565 1212 598 1270 ut
617 1225 655 1271 ee
676 1206 821 1272 aiuuone
840 1207 1024 1290 philosopho
1045 1208 1223 1291 conscripta
1245 1208 1324 1273 sint:

221 1336 292 1385 num
313 1319 375 1384 hoc
396 1318 429 1382 in
449 1316 587 1383 lustralia
607 1334 671 1381 non
692 1317 872 1398 convenire,
894 1334 961 1382 cum
983 1317 1077 1383 multa
1092 1318 1151 1383 alia
1174 1318 1324 1399 indicant,

220 1435 282 1495 tum
297 1429 426 1512 quaein
444 1445 552 1493 eorum
570 1428 730 1510 prooemio
753 1428 903 1506 (ussssbss
916 1438 1000 1510 sqq.)
1022 1427 1143 1512 gloriae
1162 1428 1225 1493 iarn
1247 1444 1326 1493 con-

222 1544 391 1605 summalae
405 1538 486 1603 inest
506 1537 642 1602 iactatio.
686 1537 815 1620 Physica
837 1556 931 1620 porro
953 1556 993 1602 ex
1012 1538 1153 1603 omnibus
1168 1537 1327 1620 llrrtpndo·

224 1649 281 1715 clis
304 1648 449 1731 operibus
481 1646 696 1730 gravissimum
720 1662 811 1727 osse,
842 1648 935 1712 totius
957 1648 1143 1730 antiquitatis
1165 1646 1327 1713 consenti-

224 1765 274 1833 tur
294 1776 372 1839 uox,
397 1763 489 1840 utque
509 1776 547 1823 ea
568 1757 883 1842 intellegendarum,
913 1759 1013 1823 sicubi
1032 1759 1178 1824 universe
1198 1757 1241 1822 tle
1261 1759 1328 1855 eius

222 1870 311 1953 poesi
326 1874 379 1935 aut
391 1867 585 1951 philosophia
602 1887 705 1933 sermo
719 1875 777 1950 ost,
791 1869 833 1933 ita
849 1868 888 1932 ad
906 1869 985 1933 bueo
999 1869 1240 1954 fragmentorum
1254 1878 1329 1952 pars

225 1979 357 2047 muimu
378 1978 519 2061 pertinet.
564 1979 716 2054 Quamdiu
737 1984 838 2042 nutem
861 1979 894 2041 in
918 1979 1074 2044 hominum
1095 1979 1237 2045 manibus
1258 1980 1331 2044 iuo-

221 2089 295 2172 rint,
317 2106 381 2155 non
400 2088 474 2154 licet
492 2093 579 2153 certo
595 2088 723 2154 delinire
734 2110 744 2168 3
776 2088 950 2171 Simplicius
983 2089 1105 2172 quidem
1134 2096 1258 2155 tolose
1279 2088 1332 2154 le·-

225 2199 312 2286 pisse
335 2216 405 2263 cnm
425 2198 592 2263 crebritate
613 2217 652 2263 ac
670 2198 820 2264 uarietate
836 2198 1183 2265 laudatorumuersuum
1205 2199 1331 2282 probet,

226 2315 289 2373 tum
314 2308 469 2393 significat
489 2308 528 2373 ad
551 2325 597 2374 us.
619 2309 700 2372 217:
723 2309 784 2374 nisi
806 2309 939 2374 fortasse
961 2324 1028 2373 cum
1051 2309 1185 2375 Prellcro
1208 2309 1331 2391 (dium.

131 2434 148 2469 ε
226 2417 320 2501 antiq.
345 2419 475 2484 barmst.
502 2417 581 2483 1837
601 2434 631 2499 p.
649 2415 725 2496 154)
758 2418 998 2493 chrestomathia
1031 2419 1113 2484 illum
1135 2419 1272 2502 quain·
1291 2418 1333 2484 ιδ

224 2529 476 2613 philosophorum
496 2534 633 2594 ueterum
664 2529 766 2606 studia
795 2531 964 2613 composito
994 2549 1083 2596 usum
1103 2548 1177 2596 essu
1194 2536 1331 2597 statuere

226 2639 315 2706 velis.
358 2639 544 2722 Chrysippus
565 2645 651 2703 certe
666 2656 737 2702 eum
756 2639 788 2702 in
810 2639 932 2704 modum
947 2639 1044 2707 libros
1065 2657 1139 2705 suos
1163 2642 1327 2707 ouium-

227 2767 287 2833 quo
306 2749 432 2836 generis
455 2749 533 2815 locis
565 2768 583 2814 e
611 2749 711 2831 poetis
743 2755 774 2813 ct
794 2750 996 2832 scriptoribus
1019 2751 1174 2833 excerptis
1194 2748 1330 2832 roiernlt,

225 2867 260 2925 ut
279 2877 352 2936 mon
375 2860 415 2924 ob
440 2860 520 2924 hunc
532 2859 690 2924 utilitatem
712 2860 745 2922 in
766 2860 940 2925 scholarum
963 2878 1052 2926 usum
1074 2861 1260 2925 devenirent
1281 2868 1328 2936 (i.

228 2969 358 3037 Krische
381 2969 604 3054 Forsobungen
626 2972 681 3036 aui
697 2971 767 3034 dem
791 2971 918 3036 Gebiete
941 2971 997 3036 der
1029 2972 1111 3036 alten
1131 2969 1334 3054 Philosophie

225 3097 256 3162 p.
269 3078 366 3159 480„
387 3080 467 3144 inter
488 3097 605 3163 eosque
624 3087 732 3164 poetas
756 3099 797 3146 ne
817 3088 956 3146 nostrum
976 3081 1099 3163 quidem
1122 3079 1265 3144 doluisse
1286 3079 1337 3144 ei-

224 3188 325 3255 fioitur
348 3205 366 3251 e
388 3188 495 3252 Galen.
516 3189 604 3272 Hipp.
626 3190 705 3272 plac.
728 3191 777 3271 ΙΙΙ,
789 3191 820 3254 3.
844 3209 874 3272 p.
889 3191 948 3254 118
969 3183 1073 3275 ῶςπυρ
1093 3185 1155 3274 peip
1177 3187 1212 3266 i}
1231 3182 1338 3272 Ὀμή-

227 3322 285 3385 ρου
308 3299 363 3363 καί
378 3295 532 3363 Ἡσιόδου
555 3301 681 3382 βραχέα
704 3300 888 3384 παρεθέμην
910 3290 990 3364 ὦνδ
1013 3298 1205 3384 Χρύσιππος
1227 3292 1334 3384 ἔγρα-

228 3423 289 3490 ψεν
301 3458 310 3490 ,
334 3401 419 3473 ου”τω
446 3407 479 3483 ἐξ
500 3407 639 3494 Ὀρφέως
668 3411 722 3472 καί
740 3408 983 3489 Ἐμπεδοκλέους
1010 3407 1064 3473 καὶ
1088 3409 1255 3492 Τυρταίου
1282 3410 1343 3473 κοιί-

228 3516 425 3602 Στησιχόρου
444 3519 499 3581 καί
523 3517 702 3600 Εὐριπίδου
728 3519 783 3580 καί
800 3510 913 3601 ἑτέρων
942 3518 1079 3600 ποιητῶν
1100 3517 1186 3598 ἐμῶν
1207 3539 1337 3605 μνημο-

229 3622 312 3690 νεδει
335 3625 540 3710 παμπόλλων,
564 3627 605 3690 ib.
629 3645 658 3709 p.
673 3627 732 3692 120
754 3625 918 3711 ἐμπλήσας
951 3626 967 3689 ὁ
991 3624 1181 3711 Χρύσιππος
1204 3620 1284 3694 δλονΙ
1301 3626 1336 3694 ιδ

227 3735 350 3818 βιβλίον
377 3736 462 3800 ε’πῶν
486 3732 665 3819 Ὁμηρικῶν
700 3733 756 3800 καί
786 3733 976 3800 Ἡσιοδείων
1015 3735 1070 3800 καί
1099 3737 1339 3821 Στησιχορείοιν

227 3841 514 3926 Ἐμπεδοκλείωνιε
530 3842 585 3908 καὶ
601 3842 776 3929 Ὀρφικῶνε
795 3845 974 3927 quibuscum
998 3846 1077 3911 loois
1100 3845 1246 3911 conferas
1270 3846 1338 3913 cic.

230 3948 270 4013 de
282 3956 346 4015 nat.
359 3950 445 4014 deor.
461 3951 484 4032 l,
501 3953 550 4031 15,
563 3951 603 4016 41
629 3951 684 4028 (de
703 3951 889 4035 Chrysippo)
909 3959 939 4015 ot
958 3953 1036 4018 λοοο
1053 3953 1173 4035 quiderm
1186 3955 1337 4037 luipritoo

233 4058 312 4123 libro
334 4060 372 4122 cle
389 4066 504 4124 notura
527 4061 669 4124 demum:
697 4064 730 4125 io
752 4063 885 4126 secondo
907 4071 1007 4128 auten
1025 4067 1091 4130 uult
1111 4063 1237 4150 Orphei,
1262 4067 1340 4132 llu-

229 4169 307 4250 ooei,
328 4167 454 4233 Hesiodi
465 4169 648 4252 Homerique
667 4171 802 4252 sabellos
815 4175 1017 4238 accomodare
1037 4177 1080 4240 οδ
1091 4195 1140 4258 ου,
1163 4192 1245 4258 quoe
1267 4178 1339 4261 ipre
1384 4168 1387 4221 i

226 4279 329 4360 μνίιιιο
349 4278 427 4343 libro
446 4279 484 4343 δο
506 4279 570 4344 cleia
589 4280 808 4346 immortalibus
838 4283 981 4347 diceret:
1009 4292 1044 4348 ut
1063 4286 1156 4350 eham
1176 4289 1342 4356 mermi

228 4395 356 4476 pmice,
384 4388 586 4474 quibusoam
606 4391 756 4473 suspicati
776 4392 895 4476 quidem
914 4400 1001 4479 sunt,
1040 4395 1342 4480 summisissent.
1383 4484 1386 4489 q
