2796 4942
245 565 343 642 paret,
366 559 467 644 ducta,
486 561 583 644 t11,1,
603 563 625 628 8
646 562 768 644 primos
787 565 861 643 port
889 578 959 643 ecc,
981 576 1057 642 paca
1076 565 1188 643 poetae
1207 560 1348 626 iredde-

243 675 327 749 mat,
346 672 480 736 mccisco
498 671 603 754 otique
623 672 709 737 οἰνοα
729 672 902 737 rhetoricen
923 671 1121 753 Empedocles
1141 672 1260 736 dicitnr.
1292 672 1347 739 llis

244 780 422 846 auctoribus
453 800 633 865 quamquam
660 782 735 847 illud
771 782 811 845 de
833 782 1019 863 Empedocle
1055 782 1176 845 rbctoro
1199 781 1346 846 iudicium

245 890 328 953 omui
352 890 534 956 dubitationi
565 893 718 973 eximitur,
742 909 833 974 quem
858 898 960 956 tamen
984 893 1163 957 insensum
1188 891 1348 974 accipien-

242 997 314 1062 dum
336 1006 429 1082 esset,
453 1000 651 1066 discederunt
671 1002 865 1084 interpretes,
891 1019 959 1065 cum
974 1001 1026 1065 alii
1042 1001 1081 1065 de
1094 1001 1268 1083 praeceptis
1291 1000 1342 1065 vel

245 1109 337 1175 otiam
357 1110 444 1176 libris
459 1112 624 1176 rhetoricis
659 1113 852 1195 cogitarent,
877 1129 1006 1194 quorum
1027 1130 1044 1175 e
1068 1129 1196 1176 numero
1220 1110 1346 1176 exulare

245 1219 342 1283 uoluit
366 1238 466 1303 nuper
492 1219 676 1285 Korrteniars
697 1222 838 1304 (Emped.
862 1222 972 1305 Agrip.
1001 1240 1094 1286 carna.
1116 1222 1205 1303 reliq.
1230 1240 1260 1303 p.
1278 1221 1347 1302 61),

243 1329 295 1393 alii
312 1330 447 1396 carmina
470 1331 628 1397 rhetorico
641 1349 760 1416 genero
781 1332 879 1396 fuisse
899 1331 1032 1413 quodam
1047 1331 1141 1395 modo
1162 1331 1257 1396 tincta
1279 1331 1349 1396 vol-

243 1439 330 1521 lent,
364 1441 447 1523 quod
478 1441 528 1505 vel
551 1442 677 1507 incitato
697 1441 848 1506 orationis
875 1442 1010 1524 impetu,
1030 1441 1080 1505 ael
1103 1441 1348 1505 cohortationum

244 1550 356 1615 civium
377 1552 408 1615 vi
430 1571 468 1616 ae
489 1553 651 1636 gravitate,
673 1553 723 1616 vol
744 1553 877 1634 denique
907 1551 1097 1638 singularum
1117 1551 1250 1633 partium
1271 1551 1349 1616 rbe-

245 1665 346 1725 torum
367 1661 400 1724 iu
418 1662 544 1726 modum
565 1662 710 1728 meditata
733 1663 938 1745 explicatione
962 1662 1119 1729 contineri
1141 1667 1295 1743 putarent.
1323 1662 1348 1726 ΙΙ

247 1769 357 1852 quibus
387 1770 448 1836 illis
469 1771 581 1837 desunt
595 1789 722 1854 prorsus
742 1772 928 1852 testimonia,
951 1771 983 1835 bi
999 1770 1137 1852 exempla
1155 1769 1269 1834 alioue
1292 1787 1350 1833 ne-

245 1879 419 1962 glexerunt.
462 1882 528 1946 Neo
548 1887 650 1947 muron
671 1899 860 1965 magnopere
882 1886 949 1944 erat
970 1879 1207 1960 haesitandum,
1229 1880 1259 1943 si
1277 1881 1349 1963 qui-

244 1987 315 2052 dem
338 1988 524 2053 Aristoteles
546 1990 668 2056 adnexo
695 1989 829 2055 Zenonis
851 1989 975 2053 nomine
996 1991 1035 2070 *J
1058 1989 1243 2053 sententiam
1264 2006 1358 2077 suam·

245 2103 294 2163 sat
314 2106 419 2181 aperte
440 2099 620 2165 declaravit
671 2100 720 2164 An
742 2100 810 2182 quis
840 2116 973 2182 unquam
995 2099 1035 2163 de
1057 2099 1194 2163 Zenonis
1217 2116 1351 2181 praeco-

245 2207 305 2289 ptis
326 2207 464 2290 librisve,
488 2209 599 2292 quibus
620 2208 803 2276 dialecticae
825 2209 1001 2274 traderetur
1022 2226 1073 2273 ars
1096 2215 1128 2274 et
1146 2208 1238 2290 ratio,
1260 2210 1351 2293 quic·

247 2334 338 2398 οιιοιο
359 2317 500 2383 audivit?
549 2319 611 2384 Sed
643 2322 800 2401 praecepit
829 2319 857 2384 is
886 2337 944 2384 usu
966 2325 1057 2401 atque
1079 2318 1240 2401 exe-plo,
1272 2336 1351 2402 quae

245 2433 355 2509 postea
376 2428 415 2493 ab
431 2427 499 2493 aliis
521 2428 553 2491 in
568 2428 643 2494 artis
656 2429 756 2511 capita
770 2428 891 2512 digesta
913 2435 994 2494 sunt.
1037 2430 1144 2512 Neque
1165 2429 1258 2494 aliter
1275 2447 1350 2494 usus
1391 2420 1394 2465 ¹

244 2543 293 2602 est
302 2537 505 2621 Empedocles
525 2541 571 2604 eis
584 2538 761 2605 rhetoricae
782 2539 862 2605 locis
882 2559 920 2604 ac
940 2541 1117 2622 praeceptis
1139 2539 1346 2619 artificiispue,

243 2647 353 2728 quibus
376 2665 429 2713 res
450 2648 610 2731 quaepiam
633 2648 849 2732 disponeretur
870 2656 902 2713 et
921 2649 1145 2731 explicaretur,
1165 2652 1264 2732 partes
1282 2644 1343 2710 de-

244 2757 338 2840 nique
361 2756 502 2841 singulae
525 2758 781 2840 amplificarentur
809 2765 1063 2841 ornarenturque.
1107 2759 1202 2823 Cuius
1220 2756 1347 2841 generis

243 2867 365 2932 artificii
376 2866 415 2932 ab
426 2867 613 2950 Empedocle
626 2885 690 2931 non
705 2870 867 2950 contempti
889 2869 1025 2934 servavit
1033 2867 1218 2933 Aristoteles
1228 2884 1351 2932 memo-

243 2977 322 3042 rium
333 2978 411 3042 rhet.
424 2978 474 3059 ΙΙΙ,
488 2980 525 3041 5:
545 2973 650 3062 τρίτον
666 2976 711 3062 μὴ
732 2976 926 3064 ἀμφιβόλοις
937 2977 1088 3060 (ὀνόμασι
1104 2982 1232 3062 λέγειν.)
1247 2977 1351 3043 ταῦτα

243 3087 289 3168 dd,
312 3080 352 3150 rie
364 3085 408 3172 μὴ
425 3087 578 3152 τάναντία
597 3090 800 3173 προαιρῆται.
824 3080 1072 3173 despectatione,
1088 3080 1282 3171 ὅτανμηθὸν
1293 3087 1351 3168 μὲν

241 3191 341 3278 ἔχωσι
363 3196 475 3279 λέγειν,
497 3196 732 3280 προςποιοῧνται
754 3199 840 3262 δέτι
862 3200 981 3282 λέγειν·
1020 3195 1049 3262 οἱ
1071 3196 1132 3282 ycip
1155 3196 1300 3261 τοιοῦτοι
1319 3197 1352 3261 ἐκ
1388 3174 1394 3289 Ι

241 3299 367 3388 ποιήσοι
387 3305 516 3388 λέγουσι
536 3307 660 3386 ταῦτα,
691 3295 757 3369 οἷον
780 3306 1002 3391 Ἐμπεδοκλῆς·
1045 3305 1205 3392 φενακίζει
1227 3304 1292 3388 γὰρ
1315 3302 1349 3369 ro'
1391 3294 1394 3385 Ι

240 3411 344 3502 κύκλῳ
357 3409 437 3477 notri
457 3405 493 3479 ὂν
509 3410 565 3478 καὶ
581 3411 761 3496 πάσχουσιν
775 3411 804 3478 οἱ
818 3407 974 3501 ἀκροαταί
995 3408 1072 3500 ὅπερ
1089 3417 1120 3479 oi
1134 3413 1247 3478 πολλοὶ
1259 3412 1350 3501 παρὰ
1392 3408 1394 3473 i

242 3529 308 3597 rota
324 3521 492 3605 μάντισινε
509 3524 559 3589 cui
579 3530 680 3590 umen
694 3525 785 3607 paulo
798 3527 972 3592 obscuriori
984 3526 1190 3592 criminationi
1202 3532 1350 3608 quantum

243 3631 437 3697 tribuendum
451 3632 502 3714 sit,
521 3651 560 3697 eo
575 3635 675 3718 magis
691 3641 738 3700 est
756 3636 983 3722 ambigendum,
1006 3637 1088 3719 quod
1102 3653 1202 3718 neque
1225 3636 1261 3699 in
1284 3637 1350 3702 irr-

244 3743 377 3824 guneutis
392 3743 459 3808 eius
471 3742 519 3808 roi
534 3743 606 3826 ulla,
619 3744 646 3808 si
662 3745 735 3827 quid
746 3744 849 3828 video,
861 3745 976 3811 indicia
989 3752 1102 3828 entant,
1126 3751 1157 3808 et
1167 3744 1349 3811 Plutarchus
1379 3772 1383 3779 ·

243 3849 292 3916 bis
302 3853 457 3918 contraria
469 3853 575 3918 testari
586 3854 707 3919 videtur
716 3855 922 3938 exemplisque
934 3857 1094 3922 confirmat
1106 3874 1242 3940 sympos.
1255 3855 1349 3940 pout

247 3967 295 4037 (v.
306 3961 346 4026 ad
357 3981 403 4027 vs.
421 3961 509 4041 uta).
553 3964 656 4028 Potest
675 3970 776 4028 autem
798 3964 924 4030 omnino
937 3966 1115 4032 Aristotelia
1134 3965 1186 4029 illa
1208 3966 1251 4030 de
1277 3984 1348 4032 ear·

247 4070 379 4135 minibus
401 4070 564 4138 dictasint
586 4091 625 4138 an
645 4073 891 4157 decoctionibus
914 4075 1055 4143 dubitari.
1081 4074 1257 4157 Scripsisse
1278 4075 1347 4160 qui·

314 4305 343 4377 Ι)
361 4305 405 4358 (ΙΙ.
417 4305 496 4377 Dicg.
508 4305 537 4359 b.
548 4304 648 4374 luto:
666 4312 739 4381 φησΙ
752 4309 778 4363 d⁶
793 4308 986 4393 Ἀριστοτέλης
995 4311 1026 4367 ἐν
1036 4310 1074 4383 api
1080 4310 1214 4387 Σοφιστῇ
1230 4305 1346 4387 ἱεὑρετὴν

244 4393 331 4464 ποιὸν
348 4401 493 4475 (Ζήνωνα)
510 4406 649 4480 γενέσθαι
666 4404 847 4476 διαλεκτικῆς,
872 4402 964 4482 ὥςπερ
977 4403 1170 4483 Ἐμπεδοκλέα
1189 4405 1345 4487 detepuit·
