2782 4936
509 382 719 460 ..ss-

60 578 208 642 dcontur:
240 563 325 642 unde
342 567 450 642 'simul
474 594 538 642 non
561 536 718 642 dationem
738 573 821 639 illum
853 555 889 638 in
909 582 1000 640 sudm-
1020 572 1161 659 quesitus

62 706 188 754 sarsum
207 687 375 752 deflectere
395 687 512 770 patebit
532 696 579 765 (v,
590 686 721 751 Krische
741 685 763 749 l.
784 685 850 765 d.);
873 685 954 767 quod
975 700 1089 752 moneo
1107 694 1160 779 tte,

62 814 130 861 cum
151 795 347 879 physicarum
373 812 476 859 rerum
499 793 720 876 explicaqunes
749 810 767 858 a
790 792 918 858 serioris
949 793 1058 859 demtis
1080 794 1161 859 scri.

62 905 201 989 ptorilms
234 904 416 986 saepissime
443 920 517 969 esse
544 920 564 966 a
588 902 763 968 Stoicorum
794 903 1021 968 commentariis
1051 904 1163 987 pstitm

68 1018 202 1089 constet,
222 1013 334 1078 netuli
354 1012 450 1098 igitur
467 1011 642 1077 auctoritati
664 995 824 1079 severiore
851 1030 909 1079 noa
930 1012 1083 1101 religione
1104 1010 1163 1080 ad·

67 1124 265 1210 stringamus.

166 1231 335 1307 Quominus
357 1234 458 1294 autem
478 1229 538 1294 iam
560 1246 642 1293 nunc
663 1228 702 1294 de
724 1228 917 1314 fragmentis,
941 1246 1020 1313 quae
1043 1251 1062 1296 a
1083 1230 1164 1315 phy·

66 1344 141 1410 sicis
157 1360 228 1408 esse
242 1342 413 1422 rideantur,
437 1340 637 1422 disponendis
652 1339 769 1423 liquido
790 1343 941 1424 possimus
962 1356 1057 1426 agere
1069 1338 1167 1407 'item-

68 1470 128 1536 que
146 1452 314 1518 lustralium
334 1450 471 1515 ratlones
494 1465 660 1530 exponere,
682 1449 810 1532 impedit
830 1449 996 1536 singularis
1018 1448 1167 1532 quaedam

67 1565 314 1649 fragmentorum
341 1558 500 1624 conditio:
537 1558 619 1640 quod
641 1544 720 1624 scum
747 1558 905 1642 utriusque
936 1560 1083 1625 carminis
1104 1576 1167 1624 non

68 1679 118 1738 sat
137 1670 284 1737 adcurate
304 1669 498 1751 disperarent
512 1667 649 1733 editores
670 1675 880 1752 argumentum
898 1676 929 1734 et
949 1671 1089 1752 fonnem,
1112 1688 1170 1736 ve-

72 1800 141 1846 rum
159 1787 276 1846 temere
307 1778 497 1857 miscerent,
521 1778 624 1841 evenit
642 1784 675 1840 nt
699 1777 910 1843 diversissima
931 1758 1072 1862 quaeque
1091 1796 1171 1844 con-

73 1890 305 1977 glutinarentur.
361 1881 459 1963 Quem
489 1886 521 1949 in
552 1885 654 1951 locum
675 1904 739 1952 nan
765 1886 834 1952 leve
867 1906 1034 1954 exerrare
1055 1889 1109 1954 illo
1131 1891 1171 1957 de

71 2001 240 2065 carminum
262 1997 377 2063 unitate
400 2013 493 2079 supra
511 1995 629 2060 reiecto
649 1996 824 2062 redundare
846 1996 990 2064 debuisse
1003 1987 1173 2064 detrimen?-

73 2116 138 2174 tum
158 2108 295 2192 quisquis
316 2105 415 2171 videt
454 2106 492 2170 Et
514 2105 553 2170 de
572 2105 709 2188 physicis
730 2124 794 2170 non
815 2112 897 2197 esset
915 2106 976 2173 ulla
996 2106 1172 2173 haesitandi

74 2219 212 2300 occasio,
235 2217 307 2298 nisi,
332 2233 393 2300 quo
415 2235 452 2281 ea
473 2215 713 2280 necessitudinis
735 2215 856 2280 vinculo
874 2214 1050 2283 lustralibus
1071 2218 1173 2283 contl-

73 2334 240 2409 nercntur,
272 2342 336 2390 non
372 2343 470 2410 vagus
505 2326 605 2409 magis
636 2325 834 2408 incertusque
876 2324 1031 2392 obtineret
1067 2342 1174 2393 rumor

77 2456 166 2521 quam
198 2435 323 2502 delinita
357 2434 518 2500 sententia.
572 2433 656 2499 liaeo
689 2435 788 2518 enim,
820 2453 899 2518 quae
926 2435 1013 2502 titulo
1040 2437 1079 2502 ad
1105 2454 1175 2522 my-
1251 2422 1266 2449 ⁹

78 2548 173 2613 sticas
196 2546 247 2612 rel
271 2545 477 2614 caerimonias
508 2544 557 2608 vel
587 2543 757 2609 doctrinam
778 2544 934 2626 pertinere
955 2546 1110 2629 videntur,
1132 2546 1175 2612 lta

73 2656 316 2722 testimoniorum
342 2654 500 2737 praesidio
526 2654 669 2718 destituta
701 2661 788 2736 sunt,
817 2661 851 2719 ut
879 2655 940 2720 nisi
971 2676 989 2721 e
1019 2657 1176 2741 fragmen.

72 2765 113 2830 tis
143 2766 188 2830 nil
214 2765 282 2830 iere
310 2763 409 2846 possit
438 2762 477 2826 de
510 2762 557 2826 eis
586 2763 740 2828 affirmari.
791 2764 877 2840 Quae
905 2765 1027 2847 quidem
1056 2772 1107 2847 (ut
1135 2782 1176 2832 ue

73 2874 158 2939 lianc
179 2874 300 2956 quidam
324 2872 442 2937 erroris
457 2870 539 2935 illius
563 2877 680 2953 partem
701 2873 844 2937 intactam
866 2873 1088 2956 relinquamus)
1109 2892 1178 2942 mt-

74 2984 277 3048 nifestissime
310 2987 435 3064 apparet
462 2980 647 3046 neminisse
676 2981 872 3063 physicorum
902 2983 1012 3049 librum
1042 2985 1175 3069 tertium,

77 3111 168 3176 quem
190 3091 340 3157 derebus
362 3091 474 3156 divinis
493 3090 590 3156 misse
617 3096 647 3152 et
669 3096 790 3155 constat
812 3098 843 3156 et
862 3095 962 3180 magis
983 3095 1073 3161 etiam
1099 3095 1175 3163 alius

77 3200 238 3286 probabile
257 3199 317 3265 liet.
361 3199 493 3282 lllorum,
514 3206 548 3264 ut
569 3199 630 3265 alia
644 3199 769 3281 mittam,
790 3201 881 3267 etiam
902 3220 984 3268 nunc
1005 3206 1037 3270 id
1059 3225 1175 3290 prooe-

78 3313 171 3377 mium
193 3316 355 3394 superest,
384 3311 466 3395 quod
498 3329 563 3376 non
593 3311 692 3393 possit
719 3309 780 3375 nisi
797 3310 829 3375 in
862 3314 1005 3381 carminis
1026 3317 1176 3400 principio

80 3423 264 3490 collocatum
286 3422 403 3487 fuisse:
425 3421 516 3488 huius
536 3439 613 3486 vero
633 3420 703 3486 libri
725 3421 775 3504 qui
798 3421 967 3505 principem
989 3424 1090 3489 locum
1114 3427 1174 3490 ob-

72 3533 235 3609 tinuerunt
254 3550 385 3615 uersus,
414 3552 513 3615 nuper
543 3539 642 3598 autem
668 3532 788 3597 demum
816 3534 849 3597 in
877 3532 976 3599 lucem
998 3536 1178 3616 prodierunt

79 3642 282 3725 (338-341)
305 3660 369 3707 non
392 3660 487 3725 posse
506 3643 566 3707 ulla
587 3642 727 3707 machina
750 3661 817 3708 cum
839 3643 959 3709 illorum
978 3645 1076 3710 forma
1099 3664 1178 3711 con·

80 3755 198 3823 sociari
213 3768 286 3818 mox
308 3753 448 3818 elucebit.
492 3754 554 3818 lam
576 3770 631 3819 eos
651 3753 740 3820 locos
753 3772 981 3837 componamus,
1002 3755 1053 3837 qui
1074 3756 1177 3820 inve-

80 3862 199 3926 teribus
221 3862 343 3944 scriptis
374 3862 541 3928 lustralium
571 3864 749 3928 memoriam
777 3865 956 3946 continent,
977 3864 1110 3930 exclusis
1128 3866 1178 3932 vel

83 3970 185 4035 dilatis
208 3971 332 4053 potius,
351 3972 524 4054 quicunque
544 3972 706 4043 obscuram
730 3974 880 4056 quandam
913 3981 1003 4058 atque
1024 3977 1178 4058 interpre-

81 4079 175 4143 tando
198 4081 320 4145 demum
340 4081 505 4145 eruendam
527 4082 782 4164 significationem
802 4100 908 4146 eorum
930 4083 1045 4149 habere
1067 4085 1179 4149 viden-

17 4184 21 4237 ἶ
83 4192 143 4253 tur.
184 4189 362 4256 APlatons
392 4197 423 4256 et
443 4190 620 4270 Aristotele,
649 4191 728 4272 apud
755 4208 832 4272 quos
852 4193 1046 4274 Empedoclis
1065 4211 1179 4259 nomen

82 4299 302 4382 perfrequens,
314 4319 354 4366 ne
367 4301 563 4366 nominantur
577 4299 709 4383 quidem,
725 4301 906 4366 Heraclides
924 4309 1023 4368 autem
1036 4304 1179 4372 Ponticus

85 4408 193 4496 (Diog.
214 4410 292 4496 lllll,
305 4410 361 4495 61)
384 4411 565 4496 principium
577 4410 685 4495 attulit,
699 4416 732 4477 ut
753 4410 1085 4500 medicunaatonpuc
1104 4413 1178 4487 inde
