<?xml version="1.0" encoding="UTF-8"?>
<!DOCTYPE html PUBLIC "-//W3C//DTD XHTML 1.0 Transitional//EN"
    "http://www.w3.org/TR/xhtml1/DTD/xhtml1-transitional.dtd">
<html xmlns="http://www.w3.org/1999/xhtml" xml:lang="en" lang="en">
 <head>
  <title>
</title>
<meta http-equiv="Content-Type" content="text/html;charset=utf-8" />
  <meta name='ocr-system' content='tesseract 3.04.00' />
  <meta name='ocr-capabilities' content='ocr_page ocr_carea ocr_par ocr_line ocrx_word'/>
</head>
<body>
  <div class='ocr_page' id='page_1' title='image "./empedoclisagrig00empegoog_0035.png"; bbox 0 0 2782 4936; ppageno 0'>
   <div class='ocr_carea' id='block_1_1' title="bbox 657 333 865 396">
    <p class='ocr_par' dir='ltr' id='par_1_1' title="bbox 657 333 865 396">
     <span class='ocr_line' id='line_1_1' title="bbox 657 333 865 396; baseline 0 -18"><span class='ocrx_word' id='word_1_1' title='bbox 657 333 865 396; x_wconf 74' lang='lat'>..24-</span> 
     </span>
    </p>
   </div>
   <div class='ocr_carea' id='block_1_2' title="bbox 136 511 1324 4451">
    <p class='ocr_par' dir='ltr' id='par_1_2' title="bbox 136 511 1324 3446">
     <span class='ocr_line' id='line_1_2' title="bbox 220 511 1319 599; baseline 0.001 -22"><span class='ocrx_word' id='word_1_2' title='bbox 220 511 317 578; x_wconf 83' lang='lat' dir='ltr'><strong>visset</strong></span> <span class='ocrx_word' id='word_1_3' title='bbox 338 512 451 591; x_wconf 88' lang='lat' dir='ltr'><strong>(llarst.</strong></span> <span class='ocrx_word' id='word_1_4' title='bbox 474 530 503 595; x_wconf 91' lang='lat' dir='ltr'><strong>p.</strong></span> <span class='ocrx_word' id='word_1_5' title='bbox 523 511 589 591; x_wconf 83' lang='lat'>81).</span> <span class='ocrx_word' id='word_1_6' title='bbox 640 514 679 576; x_wconf 81' lang='lat' dir='ltr'><strong>dt</strong></span> <span class='ocrx_word' id='word_1_7' title='bbox 710 514 780 579; x_wconf 90' lang='lat' dir='ltr'><strong>vide</strong></span> <span class='ocrx_word' id='word_1_8' title='bbox 807 533 867 597; x_wconf 86' lang='lat' dir='ltr'><strong>quo</strong></span> <span class='ocrx_word' id='word_1_9' title='bbox 899 515 977 580; x_wconf 91' lang='lat' dir='ltr'><strong>haec</strong></span> <span class='ocrx_word' id='word_1_10' title='bbox 1010 517 1113 599; x_wconf 92' lang='lat' dir='ltr'><strong>opinio</strong></span> <span class='ocrx_word' id='word_1_11' title='bbox 1146 513 1319 581; x_wconf 86' lang='lat' dir='ltr'><strong>deduxerit.</strong></span> 
     </span>
     <span class='ocr_line' id='line_1_3' title="bbox 219 612 1322 707; baseline 0 -18"><span class='ocrx_word' id='word_1_12' title='bbox 219 623 398 689; x_wconf 80' lang='lat' dir='ltr'><strong>Karstenius</strong></span> <span class='ocrx_word' id='word_1_13' title='bbox 420 622 542 705; x_wconf 88' lang='lat' dir='ltr'><strong>quidem</strong></span> <span class='ocrx_word' id='word_1_14' title='bbox 565 633 650 700; x_wconf 90' lang='lat' dir='ltr'><strong>(nam</strong></span> <span class='ocrx_word' id='word_1_15' title='bbox 679 612 830 707; x_wconf 83' lang='lat' dir='ltr'><strong>Berglius</strong></span> <span class='ocrx_word' id='word_1_16' title='bbox 863 631 893 688; x_wconf 88' lang='lat' dir='ltr'><strong>et</strong></span> <span class='ocrx_word' id='word_1_17' title='bbox 912 626 1162 690; x_wconf 85' lang='lat' dir='ltr'><strong>Panzerbieterus</strong></span> <span class='ocrx_word' id='word_1_18' title='bbox 1185 643 1244 690; x_wconf 92' lang='lat' dir='ltr'><strong>nec</strong></span> <span class='ocrx_word' id='word_1_19' title='bbox 1265 643 1322 689; x_wconf 87' lang='lat' dir='ltr'><strong>vo-</strong></span> 
     </span>
     <span class='ocr_line' id='line_1_4' title="bbox 218 733 1323 817; baseline 0.001 -19"><span class='ocrx_word' id='word_1_20' title='bbox 218 733 341 799; x_wconf 84' lang='lat' dir='ltr'><strong>luerunt</strong></span> <span class='ocrx_word' id='word_1_21' title='bbox 372 750 446 796; x_wconf 92' lang='lat' dir='ltr'><strong>suos</strong></span> <span class='ocrx_word' id='word_1_22' title='bbox 483 733 609 798; x_wconf 85' lang='lat' dir='ltr'>ordines</span> <span class='ocrx_word' id='word_1_23' title='bbox 637 733 790 798; x_wconf 75' lang='lat' dir='ltr'>Plutarchi</span> <span class='ocrx_word' id='word_1_24' title='bbox 822 735 924 800; x_wconf 91' lang='lat' dir='ltr'><strong>verbis</strong></span> <span class='ocrx_word' id='word_1_25' title='bbox 956 735 1074 804; x_wconf 86' lang='lat' dir='ltr'><strong>munire</strong></span> <span class='ocrx_word' id='word_1_26' title='bbox 1109 754 1168 799; x_wconf 89' lang='lat' dir='ltr'><strong>neo</strong></span> <span class='ocrx_word' id='word_1_27' title='bbox 1208 741 1323 817; x_wconf 84' lang='lat' dir='ltr'><strong>potue-</strong></span> 
     </span>
     <span class='ocr_line' id='line_1_5' title="bbox 220 844 1321 923; baseline 0.001 -14"><span class='ocrx_word' id='word_1_28' title='bbox 220 850 313 923; x_wconf 89' lang='lat' dir='ltr'><strong>runt)</strong></span> <span class='ocrx_word' id='word_1_29' title='bbox 349 862 412 908; x_wconf 92' lang='lat' dir='ltr'><strong>non</strong></span> <span class='ocrx_word' id='word_1_30' title='bbox 440 844 507 908; x_wconf 86' lang='lat' dir='ltr'><strong>sine</strong></span> <span class='ocrx_word' id='word_1_31' title='bbox 538 844 667 920; x_wconf 83' lang='lat' dir='ltr'><strong>rationis</strong></span> <span class='ocrx_word' id='word_1_32' title='bbox 700 847 872 911; x_wconf 84' lang='lat' dir='ltr'><strong>constantia</strong></span> <span class='ocrx_word' id='word_1_33' title='bbox 909 846 1047 911; x_wconf 80' lang='lat' dir='ltr'><strong>adiunxit</strong></span> <span class='ocrx_word' id='word_1_34' title='bbox 1081 845 1141 908; x_wconf 93' lang='lat' dir='ltr'><strong>illis</strong></span> <span class='ocrx_word' id='word_1_35' title='bbox 1180 844 1321 910; x_wconf 89' lang='lat' dir='ltr'><strong>versibus</strong></span> 
     </span>
     <span class='ocr_line' id='line_1_6' title="bbox 136 954 1323 1040; baseline -0.002 -20"><span class='ocrx_word' id='word_1_36' title='bbox 136 968 142 982; x_wconf 88' lang='grc'><strong>’</strong></span> <span class='ocrx_word' id='word_1_37' title='bbox 219 955 430 1038; x_wconf 84' lang='lat' dir='ltr'><strong>prooemiique</strong></span> <span class='ocrx_word' id='word_1_38' title='bbox 465 954 659 1040; x_wconf 79' lang='lat' dir='ltr'><strong>participavit</strong></span> <span class='ocrx_word' id='word_1_39' title='bbox 696 972 759 1019; x_wconf 91' lang='lat' dir='ltr'><strong>vss.</strong></span> <span class='ocrx_word' id='word_1_40' title='bbox 791 954 864 1021; x_wconf 84' lang='grc'><strong>436.</strong></span> <span class='ocrx_word' id='word_1_41' title='bbox 892 956 956 1036; x_wconf 84' lang='grc'><strong>37,</strong></span> <span class='ocrx_word' id='word_1_42' title='bbox 989 955 1097 1038; x_wconf 87' lang='lat' dir='ltr'><strong>quibus</strong></span> <span class='ocrx_word' id='word_1_43' title='bbox 1138 972 1209 1019; x_wconf 88' lang='lat' dir='ltr'><strong>esus</strong></span> <span class='ocrx_word' id='word_1_44' title='bbox 1253 954 1323 1018; x_wconf 88' lang='lat' dir='ltr'><strong>ani-</strong></span> 
     </span>
     <span class='ocr_line' id='line_1_7' title="bbox 220 1063 1322 1148; baseline 0.002 -21"><span class='ocrx_word' id='word_1_45' title='bbox 220 1063 342 1128; x_wconf 86' lang='lat' dir='ltr'><strong>malium</strong></span> <span class='ocrx_word' id='word_1_46' title='bbox 371 1065 569 1146; x_wconf 77' lang='lat' dir='ltr'>abhorretur,</span> <span class='ocrx_word' id='word_1_47' title='bbox 602 1083 696 1148; x_wconf 91' lang='lat' dir='ltr'><strong>porro</strong></span> <span class='ocrx_word' id='word_1_48' title='bbox 718 1083 780 1130; x_wconf 85' lang='lat' dir='ltr'><strong>ass.</strong></span> <span class='ocrx_word' id='word_1_49' title='bbox 804 1065 983 1148; x_wconf 84' lang='grc'><strong>377-380,</strong></span> <span class='ocrx_word' id='word_1_50' title='bbox 1013 1066 1064 1148; x_wconf 86' lang='lat' dir='ltr'><strong>‹pui</strong></span> <span class='ocrx_word' id='word_1_51' title='bbox 1094 1070 1218 1147; x_wconf 88' lang='lat' dir='ltr'><strong>praeter</strong></span> <span class='ocrx_word' id='word_1_52' title='bbox 1254 1063 1322 1129; x_wconf 90' lang='lat' dir='ltr'><strong>ele-</strong></span> 
     </span>
     <span class='ocr_line' id='line_1_8' title="bbox 219 1175 1321 1259; baseline 0 -21"><span class='ocrx_word' id='word_1_53' title='bbox 219 1179 387 1238; x_wconf 91' lang='lat' dir='ltr'><strong>mentorum</strong></span> <span class='ocrx_word' id='word_1_54' title='bbox 428 1180 657 1258; x_wconf 88' lang='lat' dir='ltr'><strong>praeposteram</strong></span> <span class='ocrx_word' id='word_1_55' title='bbox 699 1176 932 1259; x_wconf 70' lang='lat' dir='ltr'><strong>appellationem</strong></span> <span class='ocrx_word' id='word_1_56' title='bbox 975 1177 1154 1241; x_wconf 88' lang='lat' dir='ltr'><strong>daemonum</strong></span> <span class='ocrx_word' id='word_1_57' title='bbox 1195 1175 1321 1238; x_wconf 91' lang='lat' dir='ltr'><strong>omnino</strong></span> 
     </span>
     <span class='ocr_line' id='line_1_9' title="bbox 219 1283 1322 1368; baseline -0.002 -19"><span class='ocrx_word' id='word_1_58' title='bbox 219 1283 282 1349; x_wconf 84' lang='lat' dir='ltr'><strong>lata</strong></span> <span class='ocrx_word' id='word_1_59' title='bbox 310 1284 468 1347; x_wconf 90' lang='lat' dir='ltr'><strong>continent</strong></span> <span class='ocrx_word' id='word_1_60' title='bbox 494 1285 633 1349; x_wconf 90' lang='lat' dir='ltr'><strong>similiter</strong></span> <span class='ocrx_word' id='word_1_61' title='bbox 661 1305 698 1350; x_wconf 93' lang='lat' dir='ltr'><strong>ac</strong></span> <span class='ocrx_word' id='word_1_62' title='bbox 731 1304 776 1350; x_wconf 88' lang='lat' dir='ltr'><strong>vs.</strong></span> <span class='ocrx_word' id='word_1_63' title='bbox 799 1287 876 1352; x_wconf 85' lang='lat'><strong>388:</strong></span> <span class='ocrx_word' id='word_1_64' title='bbox 910 1304 989 1368; x_wconf 85' lang='lat' dir='ltr'><strong>quae</strong></span> <span class='ocrx_word' id='word_1_65' title='bbox 1016 1285 1119 1350; x_wconf 90' lang='lat' dir='ltr'><strong>omnia</strong></span> <span class='ocrx_word' id='word_1_66' title='bbox 1144 1284 1211 1366; x_wconf 88' lang='lat' dir='ltr'><strong>ipse</strong></span> <span class='ocrx_word' id='word_1_67' title='bbox 1229 1283 1322 1348; x_wconf 90' lang='lat' dir='ltr'><strong>vide-</strong></span> 
     </span>
     <span class='ocr_line' id='line_1_10' title="bbox 219 1393 1321 1484; baseline 0.001 -28"><span class='ocrx_word' id='word_1_68' title='bbox 219 1393 281 1484; x_wconf 81' lang='lat' dir='ltr'><strong>rit,</strong></span> <span class='ocrx_word' id='word_1_69' title='bbox 309 1411 398 1476; x_wconf 81' lang='lat' dir='ltr'><strong>quam</strong></span> <span class='ocrx_word' id='word_1_70' title='bbox 427 1399 496 1476; x_wconf 87' lang='lat' dir='ltr'><strong>apte</strong></span> <span class='ocrx_word' id='word_1_71' title='bbox 525 1394 651 1458; x_wconf 86' lang='lat' dir='ltr'><strong>carmini</strong></span> <span class='ocrx_word' id='word_1_72' title='bbox 683 1394 811 1478; x_wconf 91' lang='lat' dir='ltr'><strong>physico</strong></span> <span class='ocrx_word' id='word_1_73' title='bbox 833 1396 1002 1477; x_wconf 88' lang='lat' dir='ltr'><strong>praemissa</strong></span> <span class='ocrx_word' id='word_1_74' title='bbox 1022 1395 1101 1474; x_wconf 88' lang='lat' dir='ltr'><strong>sint,</strong></span> <span class='ocrx_word' id='word_1_75' title='bbox 1138 1395 1321 1476; x_wconf 86' lang='lat' dir='ltr'><strong>praesertim</strong></span> 
     </span>
     <span class='ocr_line' id='line_1_11' title="bbox 224 1502 1322 1588; baseline 0.001 -21"><span class='ocrx_word' id='word_1_76' title='bbox 224 1521 291 1586; x_wconf 85' lang='lat' dir='ltr'><strong>cum</strong></span> <span class='ocrx_word' id='word_1_77' title='bbox 311 1503 406 1585; x_wconf 89' lang='lat' dir='ltr'><strong>ipsius</strong></span> <span class='ocrx_word' id='word_1_78' title='bbox 428 1503 577 1583; x_wconf 88' lang='lat' dir='ltr'><strong>prooemii</strong></span> <span class='ocrx_word' id='word_1_79' title='bbox 601 1522 638 1567; x_wconf 90' lang='lat' dir='ltr'><strong>ea</strong></span> <span class='ocrx_word' id='word_1_80' title='bbox 659 1521 730 1585; x_wconf 89' lang='lat' dir='ltr'><strong>pars</strong></span> <span class='ocrx_word' id='word_1_81' title='bbox 751 1504 869 1588; x_wconf 89' lang='lat' dir='ltr'><strong>reliqua</strong></span> <span class='ocrx_word' id='word_1_82' title='bbox 898 1505 938 1569; x_wconf 93' lang='lat' dir='ltr'><strong>sit</strong></span> <span class='ocrx_word' id='word_1_83' title='bbox 958 1514 1036 1580; x_wconf 89' lang='lat' dir='ltr'><strong>(vss.</strong></span> <span class='ocrx_word' id='word_1_84' title='bbox 1060 1502 1177 1580; x_wconf 78' lang='lat'>1-23)</span> <span class='ocrx_word' id='word_1_85' title='bbox 1200 1520 1261 1568; x_wconf 91' lang='lat' dir='ltr'><strong>neo</strong></span> <span class='ocrx_word' id='word_1_86' title='bbox 1283 1505 1322 1568; x_wconf 91' lang='lat' dir='ltr'><strong>ab</strong></span> 
     </span>
     <span class='ocr_line' id='line_1_12' title="bbox 220 1596 1321 1698; baseline -0.002 -22"><span class='ocrx_word' id='word_1_87' title='bbox 220 1596 282 1677; x_wconf 87' lang='lat' dir='ltr'><strong>ullo</strong></span> <span class='ocrx_word' id='word_1_88' title='bbox 304 1611 429 1677; x_wconf 91' lang='lat' dir='ltr'><strong>homine</strong></span> <span class='ocrx_word' id='word_1_89' title='bbox 454 1611 641 1687; x_wconf 90' lang='lat' dir='ltr'><strong>addubitata,</strong></span> <span class='ocrx_word' id='word_1_90' title='bbox 663 1630 751 1694; x_wconf 85' lang='lat' dir='ltr'><strong>quac,</strong></span> <span class='ocrx_word' id='word_1_91' title='bbox 775 1613 864 1696; x_wconf 88' lang='lat' dir='ltr'><strong>quale</strong></span> <span class='ocrx_word' id='word_1_92' title='bbox 880 1613 961 1677; x_wconf 92' lang='lat' dir='ltr'><strong>illius</strong></span> <span class='ocrx_word' id='word_1_93' title='bbox 984 1616 1194 1698; x_wconf 79' lang='lat' dir='ltr'><strong>argumentum</strong></span> <span class='ocrx_word' id='word_1_94' title='bbox 1216 1610 1321 1692; x_wconf 86' lang='lat' dir='ltr'><strong>luerit,</strong></span> 
     </span>
     <span class='ocr_line' id='line_1_13' title="bbox 218 1722 1321 1807; baseline 0.001 -21"><span class='ocrx_word' id='word_1_95' title='bbox 218 1739 283 1786; x_wconf 93' lang='lat' dir='ltr'><strong>non</strong></span> <span class='ocrx_word' id='word_1_96' title='bbox 303 1722 384 1787; x_wconf 88' lang='lat' dir='ltr'><strong>sinat</strong></span> <span class='ocrx_word' id='word_1_97' title='bbox 405 1722 572 1807; x_wconf 79' lang='lat' dir='ltr'><strong>ambigere.</strong></span> <span class='ocrx_word' id='word_1_98' title='bbox 628 1723 793 1787; x_wconf 81' lang='lat' dir='ltr'><strong>Conficitur</strong></span> <span class='ocrx_word' id='word_1_99' title='bbox 822 1730 921 1789; x_wconf 88' lang='lat' dir='ltr'><strong>autem</strong></span> <span class='ocrx_word' id='word_1_100' title='bbox 941 1740 1010 1798; x_wconf 88' lang='lat' dir='ltr'><strong>res,</strong></span> <span class='ocrx_word' id='word_1_101' title='bbox 1039 1723 1066 1786; x_wconf 89' lang='lat' dir='ltr'><strong>si</strong></span> <span class='ocrx_word' id='word_1_102' title='bbox 1093 1739 1152 1803; x_wconf 90' lang='lat' dir='ltr'><strong>qua</strong></span> <span class='ocrx_word' id='word_1_103' title='bbox 1173 1722 1321 1787; x_wconf 90' lang='lat' dir='ltr'><strong>dubitatio</strong></span> 
     </span>
     <span class='ocr_line' id='line_1_14' title="bbox 218 1831 1323 1916; baseline 0 -18"><span class='ocrx_word' id='word_1_104' title='bbox 218 1831 370 1913; x_wconf 84' lang='lat' dir='ltr'><strong>resideat,</strong></span> <span class='ocrx_word' id='word_1_105' title='bbox 394 1833 453 1898; x_wconf 89' lang='lat' dir='ltr'><strong>eis.</strong></span> <span class='ocrx_word' id='word_1_106' title='bbox 466 1851 544 1916; x_wconf 89' lang='lat' dir='ltr'><strong>quae</strong></span> <span class='ocrx_word' id='word_1_107' title='bbox 565 1832 742 1898; x_wconf 82' lang='lat' dir='ltr'><strong>Plutarchus</strong></span> <span class='ocrx_word' id='word_1_108' title='bbox 764 1835 905 1898; x_wconf 86' lang='lat' dir='ltr'><strong>versibus</strong></span> <span class='ocrx_word' id='word_1_109' title='bbox 933 1833 993 1897; x_wconf 94' lang='lat' dir='ltr'><strong>illis</strong></span> <span class='ocrx_word' id='word_1_110' title='bbox 1017 1833 1206 1897; x_wconf 88' lang='lat' dir='ltr'><strong>continuavit</strong></span> <span class='ocrx_word' id='word_1_111' title='bbox 1225 1852 1323 1915; x_wconf 86' lang='lat' dir='ltr'><strong>quae·</strong></span> 
     </span>
     <span class='ocr_line' id='line_1_15' title="bbox 220 1943 1322 2027; baseline 0.001 -19"><span class='ocrx_word' id='word_1_112' title='bbox 220 1961 291 2027; x_wconf 79' lang='lat' dir='ltr'><strong>que,</strong></span> <span class='ocrx_word' id='word_1_113' title='bbox 312 1943 449 2026; x_wconf 88' lang='lat' dir='ltr'><strong>quamvis</strong></span> <span class='ocrx_word' id='word_1_114' title='bbox 483 1949 626 2007; x_wconf 89' lang='lat' dir='ltr'><strong>monente</strong></span> <span class='ocrx_word' id='word_1_115' title='bbox 648 1943 884 2026; x_wconf 77' lang='lat' dir='ltr'><strong>wyttenbachio</strong></span> <span class='ocrx_word' id='word_1_116' title='bbox 908 1961 1013 2025; x_wconf 91' lang='lat' dir='ltr'><strong>opusc.</strong></span> <span class='ocrx_word' id='word_1_117' title='bbox 1036 1949 1056 2005; x_wconf 93' lang='lat' dir='ltr'><strong>t.</strong></span> <span class='ocrx_word' id='word_1_118' title='bbox 1074 1944 1110 2006; x_wconf 91' lang='lat' dir='ltr'><strong>ll.</strong></span> <span class='ocrx_word' id='word_1_119' title='bbox 1133 1962 1161 2025; x_wconf 92' lang='lat' dir='ltr'><strong>p.</strong></span> <span class='ocrx_word' id='word_1_120' title='bbox 1180 1945 1243 2008; x_wconf 72' lang='lat'><strong>528</strong></span> <span class='ocrx_word' id='word_1_121' title='bbox 1263 1945 1322 2009; x_wconf 90' lang='lat' dir='ltr'><strong>ba-</strong></span> 
     </span>
     <span class='ocr_line' id='line_1_16' title="bbox 218 2051 1322 2140; baseline 0.003 -24"><span class='ocrx_word' id='word_1_122' title='bbox 218 2053 294 2117; x_wconf 86' lang='lat' dir='ltr'><strong>bere</strong></span> <span class='ocrx_word' id='word_1_123' title='bbox 316 2070 353 2115; x_wconf 91' lang='lat' dir='ltr'><strong>ea</strong></span> <span class='ocrx_word' id='word_1_124' title='bbox 374 2051 609 2134; x_wconf 88' lang='lat' dir='ltr'><strong>explicationem</strong></span> <span class='ocrx_word' id='word_1_125' title='bbox 626 2070 862 2140; x_wconf 81' lang='lat' dir='ltr'><strong>progressorum</strong></span> <span class='ocrx_word' id='word_1_126' title='bbox 886 2053 1007 2116; x_wconf 89' lang='lat' dir='ltr'><strong>ductam</strong></span> <span class='ocrx_word' id='word_1_127' title='bbox 1028 2072 1067 2117; x_wconf 86' lang='lat' dir='ltr'><strong>ex</strong></span> <span class='ocrx_word' id='word_1_128' title='bbox 1088 2054 1184 2135; x_wconf 90' lang='lat' dir='ltr'><strong>ipsius</strong></span> <span class='ocrx_word' id='word_1_129' title='bbox 1205 2054 1322 2138; x_wconf 88' lang='lat' dir='ltr'><strong>Empe-</strong></span> 
     </span>
     <span class='ocr_line' id='line_1_17' title="bbox 220 2161 1323 2248; baseline 0.001 -22"><span class='ocrx_word' id='word_1_130' title='bbox 220 2161 319 2226; x_wconf 86' lang='lat' dir='ltr'><strong>doclis</strong></span> <span class='ocrx_word' id='word_1_131' title='bbox 342 2162 411 2226; x_wconf 89' lang='lat' dir='ltr'><strong>aliis</strong></span> <span class='ocrx_word' id='word_1_132' title='bbox 436 2161 531 2240; x_wconf 88' lang='lat' dir='ltr'><strong>locis,</strong></span> <span class='ocrx_word' id='word_1_133' title='bbox 554 2162 647 2246; x_wconf 89' lang='lat' dir='ltr'><strong>vulgo</strong></span> <span class='ocrx_word' id='word_1_134' title='bbox 678 2180 784 2245; x_wconf 90' lang='lat' dir='ltr'><strong>parum</strong></span> <span class='ocrx_word' id='word_1_135' title='bbox 806 2162 999 2228; x_wconf 87' lang='lat' dir='ltr'><strong>attenderunt</strong></span> <span class='ocrx_word' id='word_1_136' title='bbox 1022 2162 1223 2244; x_wconf 85' lang='lat' dir='ltr'><strong>interpretes:</strong></span> <span class='ocrx_word' id='word_1_137' title='bbox 1260 2164 1323 2248; x_wconf 74' lang='grc' dir='ltr'><strong><em>σιλχ</em></strong></span> 
     </span>
     <span class='ocr_line' id='line_1_18' title="bbox 217 2263 1324 2356; baseline 0.003 -21"><span class='ocrx_word' id='word_1_138' title='bbox 217 2265 344 2350; x_wconf 74' lang='grc' dir='ltr'><strong><em>ἑαυτὸν,</em></strong></span> <span class='ocrx_word' id='word_1_139' title='bbox 367 2270 433 2333; x_wconf 73' lang='grc' dir='ltr'><strong><em>ἀλλ’</em></strong></span> <span class='ocrx_word' id='word_1_140' title='bbox 453 2263 509 2356; x_wconf 73' lang='grc' dir='ltr'><strong>ἀφ’</strong></span> <span class='ocrx_word' id='word_1_141' title='bbox 531 2267 649 2336; x_wconf 73' lang='grc' dir='ltr'><strong><em>ἑαυτοῦ</em></strong></span> <span class='ocrx_word' id='word_1_142' title='bbox 676 2268 798 2346; x_wconf 78' lang='grc' dir='ltr'><strong><em>πάντας</em></strong></span> <span class='ocrx_word' id='word_1_143' title='bbox 820 2271 1027 2336; x_wconf 82' lang='grc' dir='ltr'><strong><em>αἰιοδείιινυσι</em></strong></span> <span class='ocrx_word' id='word_1_144' title='bbox 1048 2268 1250 2353; x_wconf 81' lang='grc' dir='ltr'><strong><em>μετανάστας</em></strong></span> <span class='ocrx_word' id='word_1_145' title='bbox 1272 2271 1324 2338; x_wconf 86' lang='grc' dir='ltr'><strong>έν-</strong></span> 
     </span>
     <span class='ocr_line' id='line_1_19' title="bbox 217 2372 1322 2466; baseline 0.003 -22"><span class='ocrx_word' id='word_1_146' title='bbox 217 2381 324 2444; x_wconf 63' lang='lat' dir='ltr'><strong>reida</strong></span> <span class='ocrx_word' id='word_1_147' title='bbox 345 2377 399 2442; x_wconf 80' lang='grc' dir='ltr'><strong>καὶ</strong></span> <span class='ocrx_word' id='word_1_148' title='bbox 422 2381 527 2457; x_wconf 78' lang='grc' dir='ltr'><strong><em>ξένους</em></strong></span> <span class='ocrx_word' id='word_1_149' title='bbox 550 2381 603 2443; x_wconf 80' lang='grc' dir='ltr'><strong>καὶ</strong></span> <span class='ocrx_word' id='word_1_150' title='bbox 625 2376 773 2462; x_wconf 79' lang='grc' dir='ltr'><em>φυγάδας</em></span> <span class='ocrx_word' id='word_1_151' title='bbox 804 2378 889 2463; x_wconf 77' lang='grc' dir='ltr'><strong><em>ἡμᾶς</em></strong></span> <span class='ocrx_word' id='word_1_152' title='bbox 912 2372 1013 2455; x_wconf 76' lang='grc' dir='ltr'><strong><em>ὄντας.</em></strong></span> <span class='ocrx_word' id='word_1_153' title='bbox 1076 2380 1124 2444; x_wconf 82' lang='grc' dir='ltr'><strong>Ου’</strong></span> <span class='ocrx_word' id='word_1_154' title='bbox 1143 2377 1204 2465; x_wconf 74' lang='grc' dir='ltr'><strong>γὰρ</strong></span> <span class='ocrx_word' id='word_1_155' title='bbox 1229 2373 1322 2466; x_wconf 81' lang='grc' dir='ltr'><strong><em>αἷμα,</em></strong></span> 
     </span>
     <span class='ocr_line' id='line_1_20' title="bbox 221 2479 1322 2576; baseline 0.001 -23"><span class='ocrx_word' id='word_1_156' title='bbox 221 2493 339 2576; x_wconf 76' lang='grc' dir='ltr'><strong><em>φησιν,</em></strong></span> <span class='ocrx_word' id='word_1_157' title='bbox 363 2486 439 2572; x_wconf 76' lang='grc' dir='ltr'><strong><em>ἡμῖν</em></strong></span> <span class='ocrx_word' id='word_1_158' title='bbox 473 2488 549 2554; x_wconf 84' lang='grc' dir='ltr'><strong><em>ου’δὲ</em></strong></span> <span class='ocrx_word' id='word_1_159' title='bbox 572 2491 697 2569; x_wconf 78' lang='grc' dir='ltr'><strong><em>πνεῦμα</em></strong></span> <span class='ocrx_word' id='word_1_160' title='bbox 718 2490 921 2574; x_wconf 75' lang='grc' dir='ltr'><strong><em>συγκραθὲν,</em></strong></span> <span class='ocrx_word' id='word_1_161' title='bbox 945 2484 971 2552; x_wconf 71' lang='lat' dir='ltr'><strong>ot</strong></span> <span class='ocrx_word' id='word_1_162' title='bbox 996 2479 1184 2574; x_wconf 72' lang='grc' dir='ltr'><strong><em>ἅνθρωποι,</em></strong></span> <span class='ocrx_word' id='word_1_163' title='bbox 1206 2493 1322 2575; x_wconf 79' lang='grc' dir='ltr'><strong><em>ψυχῆς</em></strong></span> 
     </span>
     <span class='ocr_line' id='line_1_21' title="bbox 218 2592 1321 2681; baseline 0.002 -20"><span class='ocrx_word' id='word_1_164' title='bbox 218 2595 330 2662; x_wconf 74' lang='grc' dir='ltr'><strong><em>ου’σέοιν</em></strong></span> <span class='ocrx_word' id='word_1_165' title='bbox 351 2599 406 2661; x_wconf 66' lang='lat' dir='ltr'><strong>aaa*</strong></span> <span class='ocrx_word' id='word_1_166' title='bbox 426 2592 531 2681; x_wconf 73' lang='grc' dir='ltr'><strong><em>α’ρχῆν</em></strong></span> <span class='ocrx_word' id='word_1_167' title='bbox 553 2599 723 2680; x_wconf 77' lang='grc' dir='ltr'><strong><em>παρέσχεν,</em></strong></span> <span class='ocrx_word' id='word_1_168' title='bbox 747 2595 816 2658; x_wconf 70' lang='grc' dir='ltr'><strong><em>ἀλλ’</em></strong></span> <span class='ocrx_word' id='word_1_169' title='bbox 832 2597 867 2660; x_wconf 80' lang='grc' dir='ltr'><strong>ἐκ</strong></span> <span class='ocrx_word' id='word_1_170' title='bbox 886 2593 1004 2661; x_wconf 73' lang='grc' dir='ltr'><strong><em>τούτων</em></strong></span> <span class='ocrx_word' id='word_1_171' title='bbox 1024 2597 1058 2662; x_wconf 83' lang='grc' dir='ltr'><strong>τὸ</strong></span> <span class='ocrx_word' id='word_1_172' title='bbox 1082 2601 1175 2679; x_wconf 77' lang='grc' dir='ltr'><strong><em>σῶμα</em></strong></span> <span class='ocrx_word' id='word_1_173' title='bbox 1197 2603 1321 2680; x_wconf 81' lang='grc' dir='ltr'><strong><em>συμιιέ·</em></strong></span> 
     </span>
     <span class='ocr_line' id='line_1_22' title="bbox 218 2698 1322 2790; baseline 0.001 -22"><span class='ocrx_word' id='word_1_174' title='bbox 218 2709 365 2785; x_wconf 67' lang='lat' dir='ltr'><strong>atacem,</strong></span> <span class='ocrx_word' id='word_1_175' title='bbox 386 2707 512 2788; x_wconf 78' lang='grc' dir='ltr'><strong><em>γηγενὲς</em></strong></span> <span class='ocrx_word' id='word_1_176' title='bbox 534 2704 589 2767; x_wconf 81' lang='grc' dir='ltr'><strong><em>καί</em></strong></span> <span class='ocrx_word' id='word_1_177' title='bbox 610 2698 746 2788; x_wconf 76' lang='grc' dir='ltr'><strong><em>θνητόν·</em></strong></span> <span class='ocrx_word' id='word_1_178' title='bbox 767 2706 822 2785; x_wconf 78' lang='grc' dir='ltr'><strong>τῆς</strong></span> <span class='ocrx_word' id='word_1_179' title='bbox 842 2705 876 2768; x_wconf 79' lang='grc' dir='ltr'><strong>δὲ</strong></span> <span class='ocrx_word' id='word_1_180' title='bbox 898 2707 1007 2789; x_wconf 73' lang='grc' dir='ltr'><strong><em>ψυχῆς</em></strong></span> <span class='ocrx_word' id='word_1_181' title='bbox 1029 2704 1206 2788; x_wconf 73' lang='grc' dir='ltr'><strong><em>ἀλλαχόθεν</em></strong></span> <span class='ocrx_word' id='word_1_182' title='bbox 1220 2703 1322 2790; x_wconf 71' lang='grc' dir='ltr'><strong><em>ἤκου-</em></strong></span> 
     </span>
     <span class='ocr_line' id='line_1_23' title="bbox 218 2796 1320 2904; baseline 0.001 -24"><span class='ocrx_word' id='word_1_183' title='bbox 218 2838 276 2899; x_wconf 78' lang='grc' dir='ltr'><strong>σης</strong></span> <span class='ocrx_word' id='word_1_184' title='bbox 298 2814 403 2898; x_wconf 77' lang='grc' dir='ltr'><strong><em>δεῦρο,</em></strong></span> <span class='ocrx_word' id='word_1_185' title='bbox 425 2809 482 2898; x_wconf 71' lang='grc' dir='ltr'><strong>τήν</strong></span> <span class='ocrx_word' id='word_1_186' title='bbox 504 2796 626 2897; x_wconf 80' lang='grc' dir='ltr'><strong><em>γένεσιν</em></strong></span> <span class='ocrx_word' id='word_1_187' title='bbox 646 2813 827 2899; x_wconf 74' lang='grc' dir='ltr'><em>ἀποδημίαν</em></span> <span class='ocrx_word' id='word_1_188' title='bbox 843 2812 1072 2897; x_wconf 66' lang='grc' dir='ltr'><strong><em>ὑποκορίζεται,</em></strong></span> <span class='ocrx_word' id='word_1_189' title='bbox 1089 2817 1132 2902; x_wconf 74' lang='grc' dir='ltr'><strong>τῷ</strong></span> <span class='ocrx_word' id='word_1_190' title='bbox 1154 2820 1320 2904; x_wconf 79' lang='grc' dir='ltr'><em>πραοτάτῳ</em></span> 
     </span>
     <span class='ocr_line' id='line_1_24' title="bbox 216 2908 1321 3010; baseline 0.001 -21"><span class='ocrx_word' id='word_1_191' title='bbox 216 2925 280 2991; x_wconf 77' lang='grc' dir='ltr'><strong>τῶν</strong></span> <span class='ocrx_word' id='word_1_192' title='bbox 316 2908 497 3006; x_wconf 76' lang='grc' dir='ltr'><strong><em>σ’νομοέιαιν·</em></strong></span> <span class='ocrx_word' id='word_1_193' title='bbox 548 2920 582 2986; x_wconf 87' lang='grc' dir='ltr'>ιὸ</span> <span class='ocrx_word' id='word_1_194' title='bbox 614 2923 641 2985; x_wconf 85' lang='grc' dir='ltr'><strong>δ’</strong></span> <span class='ocrx_word' id='word_1_195' title='bbox 674 2921 911 3008; x_wconf 76' lang='grc' dir='ltr'><strong><em>ἀληθέστατον,</em></strong></span> <span class='ocrx_word' id='word_1_196' title='bbox 943 2917 1054 3010; x_wconf 70' lang='grc' dir='ltr'><strong><em>φεύγει</em></strong></span> <span class='ocrx_word' id='word_1_197' title='bbox 1085 2920 1321 2990; x_wconf 65' lang='lat' dir='ltr'><strong>salutatores</strong></span> 
     </span>
     <span class='ocr_line' id='line_1_25' title="bbox 220 3027 1320 3124; baseline 0.001 -26"><span class='ocrx_word' id='word_1_198' title='bbox 220 3037 321 3108; x_wconf 74' lang='grc' dir='ltr'><strong><em>θείοις</em></strong></span> <span class='ocrx_word' id='word_1_199' title='bbox 343 3035 536 3117; x_wconf 76' lang='grc' dir='ltr'><strong><em>ἐλαυνομένη</em></strong></span> <span class='ocrx_word' id='word_1_200' title='bbox 560 3029 676 3116; x_wconf 77' lang='grc' dir='ltr'><strong><em>δόγμαι</em></strong></span> <span class='ocrx_word' id='word_1_201' title='bbox 700 3029 756 3096; x_wconf 83' lang='grc' dir='ltr'><strong><em>καί</em></strong></span> <span class='ocrx_word' id='word_1_202' title='bbox 775 3032 901 3113; x_wconf 85' lang='grc' dir='ltr'><strong><em>νόμοις·</em></strong></span> <span class='ocrx_word' id='word_1_203' title='bbox 933 3027 1016 3118; x_wconf 79' lang='grc' dir='ltr'><strong><em>εἶτα,</em></strong></span> <span class='ocrx_word' id='word_1_204' title='bbox 1048 3028 1149 3119; x_wconf 73' lang='grc' dir='ltr'><strong><em>ὥςπερ</em></strong></span> <span class='ocrx_word' id='word_1_205' title='bbox 1179 3029 1212 3097; x_wconf 85' lang='grc' dir='ltr'><strong>έν</strong></span> <span class='ocrx_word' id='word_1_206' title='bbox 1235 3033 1320 3124; x_wconf 77' lang='grc' dir='ltr'><strong><em>νὴσιρ</em></strong></span> 
     </span>
     <span class='ocr_line' id='line_1_26' title="bbox 219 3133 1318 3228; baseline 0.002 -22"><span class='ocrx_word' id='word_1_207' title='bbox 219 3139 317 3206; x_wconf 79' lang='grc' dir='ltr'><strong><em>σάλον</em></strong></span> <span class='ocrx_word' id='word_1_208' title='bbox 352 3139 470 3228; x_wconf 75' lang='grc' dir='ltr'><strong><em>έχοέσῃ</em></strong></span> <span class='ocrx_word' id='word_1_209' title='bbox 492 3139 609 3218; x_wconf 84' lang='grc' dir='ltr'><strong><em>πολύν,</em></strong></span> <span class='ocrx_word' id='word_1_210' title='bbox 641 3133 784 3224; x_wconf 75' lang='grc' dir='ltr'><strong><em>καθάπερ</em></strong></span> <span class='ocrx_word' id='word_1_211' title='bbox 820 3142 917 3228; x_wconf 76' lang='grc' dir='ltr'><strong><em>φησὶν</em></strong></span> <span class='ocrx_word' id='word_1_212' title='bbox 948 3142 963 3206; x_wconf 84' lang='grc' dir='ltr'><em>ὃ</em></span> <span class='ocrx_word' id='word_1_213' title='bbox 995 3141 1153 3226; x_wconf 79' lang='grc' dir='ltr'><strong><em>Πλάτων,</em></strong></span> <span class='ocrx_word' id='word_1_214' title='bbox 1182 3143 1318 3227; x_wconf 80' lang='grc' dir='ltr'><strong><em>ὀστρέου</em></strong></span> 
     </span>
     <span class='ocr_line' id='line_1_27' title="bbox 219 3247 1319 3338; baseline 0.001 -24"><span class='ocrx_word' id='word_1_215' title='bbox 219 3249 337 3336; x_wconf 69' lang='grc' dir='ltr'><strong><em>τρὸνισν</em></strong></span> <span class='ocrx_word' id='word_1_216' title='bbox 359 3251 543 3334; x_wconf 76' lang='grc' dir='ltr'><strong><em>ἐνδεδεμένη</em></strong></span> <span class='ocrx_word' id='word_1_217' title='bbox 575 3254 616 3337; x_wconf 70' lang='lat' dir='ltr'><strong>cpi</strong></span> <span class='ocrx_word' id='word_1_218' title='bbox 642 3247 784 3331; x_wconf 79' lang='grc' dir='ltr'><strong><em>σοι’μαιι,</em></strong></span> <span class='ocrx_word' id='word_1_219' title='bbox 807 3248 859 3313; x_wconf 77' lang='grc' dir='ltr'><strong>διὰ</strong></span> <span class='ocrx_word' id='word_1_220' title='bbox 888 3249 922 3315; x_wconf 83' lang='grc' dir='ltr'><strong>τὸ</strong></span> <span class='ocrx_word' id='word_1_221' title='bbox 944 3248 986 3337; x_wconf 64' lang='grc' dir='ltr'><strong>μὴ</strong></span> <span class='ocrx_word' id='word_1_222' title='bbox 1012 3254 1220 3338; x_wconf 77' lang='grc' dir='ltr'><strong><em>μνημονεύειν</em></strong></span> <span class='ocrx_word' id='word_1_223' title='bbox 1243 3254 1319 3338; x_wconf 83' lang='grc' dir='ltr'><strong>μηδ’</strong></span> 
     </span>
     <span class='ocr_line' id='line_1_28' title="bbox 220 3358 408 3446; baseline 0 -23"><span class='ocrx_word' id='word_1_224' title='bbox 220 3358 408 3446; x_wconf 75' lang='grc' dir='ltr'><strong><em>ἀναφέρειν,</em></strong></span> 
     </span>
    </p>

    <p class='ocr_par' dir='ltr' id='par_1_3' title="bbox 218 3459 1318 4451">
     <span class='ocr_line' id='line_1_29' title="bbox 321 3459 1170 3555; baseline -0.001 -22"><span class='ocrx_word' id='word_1_225' title='bbox 321 3467 383 3534; x_wconf 78' lang='grc'><strong>390</strong></span> <span class='ocrx_word' id='word_1_226' title='bbox 427 3469 460 3547; x_wconf 76' lang='grc' dir='ltr'><strong>ἐξ</strong></span> <span class='ocrx_word' id='word_1_227' title='bbox 482 3469 549 3552; x_wconf 77' lang='grc' dir='ltr'><strong><em>οἵης</em></strong></span> <span class='ocrx_word' id='word_1_228' title='bbox 568 3469 659 3553; x_wconf 79' lang='grc' dir='ltr'><strong><em>τιμῆς</em></strong></span> <span class='ocrx_word' id='word_1_229' title='bbox 681 3491 714 3532; x_wconf 82' lang='grc' dir='ltr'><strong>τε</strong></span> <span class='ocrx_word' id='word_1_230' title='bbox 736 3468 790 3533; x_wconf 77' lang='grc' dir='ltr'><strong>καὶ</strong></span> <span class='ocrx_word' id='word_1_231' title='bbox 812 3463 910 3536; x_wconf 77' lang='grc' dir='ltr'><strong><em>ὅσσου</em></strong></span> <span class='ocrx_word' id='word_1_232' title='bbox 933 3467 1049 3555; x_wconf 75' lang='grc' dir='ltr'><strong><em>μήκεος</em></strong></span> <span class='ocrx_word' id='word_1_233' title='bbox 1073 3459 1170 3552; x_wconf 77' lang='grc' dir='ltr'><strong><em>ὄλβον</em></strong></span> 
     </span>
     <span class='ocr_line' id='line_1_30' title="bbox 220 3595 1318 3684; baseline 0.007 -27"><span class='ocrx_word' id='word_1_234' title='bbox 220 3595 410 3679; x_wconf 73' lang='grc' dir='ltr'><strong><em>μεθέστηκεν</em></strong></span> <span class='ocrx_word' id='word_1_235' title='bbox 422 3600 500 3658; x_wconf 69' lang='grc' dir='ltr'><strong><em>κολα</em></strong></span> <span class='ocrx_word' id='word_1_236' title='bbox 517 3595 624 3677; x_wconf 87' lang='lat' dir='ltr'><strong>quibus</strong></span> <span class='ocrx_word' id='word_1_237' title='bbox 637 3597 829 3680; x_wconf 91' lang='lat' dir='ltr'><strong>perspicuum</strong></span> <span class='ocrx_word' id='word_1_238' title='bbox 844 3605 900 3684; x_wconf 85' lang='lat' dir='ltr'><strong>est,</strong></span> <span class='ocrx_word' id='word_1_239' title='bbox 913 3598 1093 3681; x_wconf 86' lang='lat' dir='ltr'><strong>exposuisse</strong></span> <span class='ocrx_word' id='word_1_240' title='bbox 1101 3599 1318 3683; x_wconf 81' lang='lat' dir='ltr'><strong>Empedoclem</strong></span> 
     </span>
     <span class='ocr_line' id='line_1_31' title="bbox 220 3704 1317 3793; baseline 0.006 -25"><span class='ocrx_word' id='word_1_241' title='bbox 220 3723 304 3769; x_wconf 93' lang='lat' dir='ltr'><strong>suam</strong></span> <span class='ocrx_word' id='word_1_242' title='bbox 320 3704 358 3769; x_wconf 90' lang='lat' dir='ltr'><strong>de</strong></span> <span class='ocrx_word' id='word_1_243' title='bbox 370 3707 537 3769; x_wconf 88' lang='lat' dir='ltr'><strong>animarum</strong></span> <span class='ocrx_word' id='word_1_244' title='bbox 557 3712 674 3787; x_wconf 87' lang='lat' dir='ltr'><strong>natura,</strong></span> <span class='ocrx_word' id='word_1_245' title='bbox 691 3707 823 3791; x_wconf 85' lang='lat' dir='ltr'><strong>origine,</strong></span> <span class='ocrx_word' id='word_1_246' title='bbox 840 3708 921 3787; x_wconf 86' lang='lat' dir='ltr'><strong>latis,</strong></span> <span class='ocrx_word' id='word_1_247' title='bbox 947 3708 1173 3773; x_wconf 88' lang='lat' dir='ltr'><strong>immortalitate</strong></span> <span class='ocrx_word' id='word_1_248' title='bbox 1185 3710 1317 3793; x_wconf 84' lang='lat' dir='ltr'><strong>denique</strong></span> 
     </span>
     <span class='ocr_line' id='line_1_32' title="bbox 221 3814 1317 3900; baseline 0.006 -22"><span class='ocrx_word' id='word_1_249' title='bbox 221 3814 389 3879; x_wconf 88' lang='lat' dir='ltr'><strong>doctrinam</strong></span> <span class='ocrx_word' id='word_1_250' title='bbox 398 3815 424 3878; x_wconf 89' lang='lat' dir='ltr'><strong>si</strong></span> <span class='ocrx_word' id='word_1_251' title='bbox 437 3815 535 3879; x_wconf 92' lang='lat' dir='ltr'><strong>minus</strong></span> <span class='ocrx_word' id='word_1_252' title='bbox 547 3817 732 3880; x_wconf 85' lang='lat' dir='ltr'><strong>contrariam</strong></span> <span class='ocrx_word' id='word_1_253' title='bbox 743 3817 877 3900; x_wconf 83' lang='lat' dir='ltr'><strong>physicis</strong></span> <span class='ocrx_word' id='word_1_254' title='bbox 888 3817 982 3899; x_wconf 89' lang='lat' dir='ltr'><strong>ipsius</strong></span> <span class='ocrx_word' id='word_1_255' title='bbox 997 3818 1177 3900; x_wconf 90' lang='lat' dir='ltr'><strong>rationibus,</strong></span> <span class='ocrx_word' id='word_1_256' title='bbox 1190 3826 1221 3884; x_wconf 93' lang='lat' dir='ltr'><strong>at</strong></span> <span class='ocrx_word' id='word_1_257' title='bbox 1233 3826 1317 3886; x_wconf 89' lang='lat' dir='ltr'><strong>certe</strong></span> 
     </span>
     <span class='ocr_line' id='line_1_33' title="bbox 220 3923 1317 4009; baseline 0.005 -19"><span class='ocrx_word' id='word_1_258' title='bbox 220 3925 464 4007; x_wconf 91' lang='lat' dir='ltr'><strong>aprooemiandi</strong></span> <span class='ocrx_word' id='word_1_259' title='bbox 484 3927 651 3991; x_wconf 88' lang='lat' dir='ltr'><strong>occasione</strong></span> <span class='ocrx_word' id='word_1_260' title='bbox 666 3945 792 4009; x_wconf 90' lang='lat' dir='ltr'><strong>prorsus</strong></span> <span class='ocrx_word' id='word_1_261' title='bbox 805 3928 1030 3994; x_wconf 90' lang='lat' dir='ltr'><strong>abhorrentem.</strong></span> <span class='ocrx_word' id='word_1_262' title='bbox 1052 3930 1117 3994; x_wconf 90' lang='lat' dir='ltr'><strong>Nec</strong></span> <span class='ocrx_word' id='word_1_263' title='bbox 1129 3923 1189 3994; x_wconf 86' lang='lat' dir='ltr'><strong>iam</strong></span> <span class='ocrx_word' id='word_1_264' title='bbox 1202 3930 1317 3995; x_wconf 89' lang='lat' dir='ltr'><strong>diutius</strong></span> 
     </span>
     <span class='ocr_line' id='line_1_34' title="bbox 218 4035 1316 4119; baseline 0.005 -20"><span class='ocrx_word' id='word_1_265' title='bbox 218 4036 451 4100; x_wconf 88' lang='lat' dir='ltr'><strong>remorabuntur</strong></span> <span class='ocrx_word' id='word_1_266' title='bbox 470 4052 527 4099; x_wconf 92' lang='lat' dir='ltr'><strong>nos</strong></span> <span class='ocrx_word' id='word_1_267' title='bbox 550 4035 701 4099; x_wconf 89' lang='lat' dir='ltr'><strong>Plutarchi</strong></span> <span class='ocrx_word' id='word_1_268' title='bbox 722 4037 817 4100; x_wconf 86' lang='lat' dir='ltr'><strong>verba</strong></span> <span class='ocrx_word' id='word_1_269' title='bbox 840 4037 972 4116; x_wconf 88' lang='lat' dir='ltr'><strong>citantis,</strong></span> <span class='ocrx_word' id='word_1_270' title='bbox 993 4038 1102 4119; x_wconf 85' lang='lat' dir='ltr'><strong>quippe</strong></span> <span class='ocrx_word' id='word_1_271' title='bbox 1121 4039 1171 4102; x_wconf 92' lang='lat' dir='ltr'><strong>cui</strong></span> <span class='ocrx_word' id='word_1_272' title='bbox 1192 4044 1254 4104; x_wconf 86' lang='lat' dir='ltr'><strong>tam</strong></span> <span class='ocrx_word' id='word_1_273' title='bbox 1277 4041 1316 4104; x_wconf 96' lang='lat' dir='ltr'><strong>de</strong></span> 
     </span>
     <span class='ocr_line' id='line_1_35' title="bbox 219 4144 1314 4230; baseline 0.005 -22"><span class='ocrx_word' id='word_1_274' title='bbox 219 4144 394 4209; x_wconf 89' lang='lat' dir='ltr'><strong>lustralibus</strong></span> <span class='ocrx_word' id='word_1_275' title='bbox 431 4163 519 4226; x_wconf 87' lang='lat' dir='ltr'><strong>quam</strong></span> <span class='ocrx_word' id='word_1_276' title='bbox 552 4144 590 4207; x_wconf 90' lang='lat' dir='ltr'><strong>de</strong></span> <span class='ocrx_word' id='word_1_277' title='bbox 619 4145 753 4228; x_wconf 83' lang='lat' dir='ltr'><strong>physicis</strong></span> <span class='ocrx_word' id='word_1_278' title='bbox 786 4146 907 4209; x_wconf 90' lang='lat' dir='ltr'><strong>licuerit</strong></span> <span class='ocrx_word' id='word_1_279' title='bbox 941 4148 1133 4230; x_wconf 79' lang='grc' dir='ltr'><strong><em>φιλοσοφίας</em></strong></span> <span class='ocrx_word' id='word_1_280' title='bbox 1162 4149 1314 4213; x_wconf 88' lang='lat' dir='ltr'><strong>vocabulo</strong></span> 
     </span>
     <span class='ocr_line' id='line_1_36' title="bbox 220 4253 1315 4340; baseline 0.006 -25"><span class='ocrx_word' id='word_1_281' title='bbox 220 4255 272 4336; x_wconf 87' lang='lat' dir='ltr'><strong>nti,</strong></span> <span class='ocrx_word' id='word_1_282' title='bbox 293 4272 352 4317; x_wconf 90' lang='lat' dir='ltr'><strong>nec</strong></span> <span class='ocrx_word' id='word_1_283' title='bbox 373 4254 473 4335; x_wconf 90' lang='lat' dir='ltr'><strong>potius</strong></span> <span class='ocrx_word' id='word_1_284' title='bbox 495 4253 533 4315; x_wconf 89' lang='lat' dir='ltr'><strong>ab</strong></span> <span class='ocrx_word' id='word_1_285' title='bbox 555 4255 715 4334; x_wconf 90' lang='lat' dir='ltr'><strong>prooemio</strong></span> <span class='ocrx_word' id='word_1_286' title='bbox 735 4254 787 4316; x_wconf 92' lang='lat' dir='ltr'><strong>illo</strong></span> <span class='ocrx_word' id='word_1_287' title='bbox 808 4253 939 4335; x_wconf 89' lang='lat' dir='ltr'><strong>superbo</strong></span> <span class='ocrx_word' id='word_1_288' title='bbox 962 4254 1001 4318; x_wconf 92' lang='lat' dir='ltr'><strong>ad</strong></span> <span class='ocrx_word' id='word_1_289' title='bbox 1018 4256 1240 4340; x_wconf 74' lang='lat' dir='ltr'><strong>Agrigentinos</strong></span> <span class='ocrx_word' id='word_1_290' title='bbox 1263 4258 1315 4321; x_wconf 86' lang='lat' dir='ltr'><strong>di-</strong></span> 
     </span>
     <span class='ocr_line' id='line_1_37' title="bbox 222 4355 1313 4451; baseline 0.005 -24"><span class='ocrx_word' id='word_1_291' title='bbox 222 4369 308 4430; x_wconf 90' lang='lat' dir='ltr'><strong>recto</strong></span> <span class='ocrx_word' id='word_1_292' title='bbox 329 4361 445 4428; x_wconf 90' lang='lat' dir='ltr'><strong>initium</strong></span> <span class='ocrx_word' id='word_1_293' title='bbox 466 4355 696 4448; x_wconf 87' lang='lat' dir='ltr'><strong>philosophicae</strong></span> <span class='ocrx_word' id='word_1_294' title='bbox 718 4355 919 4451; x_wconf 75' lang='lat' dir='ltr'><strong>expositionis</strong></span> <span class='ocrx_word' id='word_1_295' title='bbox 934 4370 1085 4448; x_wconf 86' lang='lat' dir='ltr'><strong>repetere,</strong></span> <span class='ocrx_word' id='word_1_296' title='bbox 1107 4371 1196 4449; x_wconf 73' lang='lat' dir='ltr'><strong>quana</strong></span> <span class='ocrx_word' id='word_1_297' title='bbox 1214 4366 1253 4434; x_wconf 93' lang='lat' dir='ltr'><strong>ab</strong></span> <span class='ocrx_word' id='word_1_298' title='bbox 1276 4385 1313 4432; x_wconf 91' lang='lat' dir='ltr'><strong>ea</strong></span> 
     </span>
    </p>
   </div>
   <div class='ocr_carea' id='block_1_3' title="bbox 0 0 1396 4936">
    <p class='ocr_par' dir='ltr' id='par_1_4' title="bbox 0 0 1396 4936">
     <span class='ocr_line' id='line_1_38' title="bbox 0 0 1396 4936; baseline 0 0"><span class='ocrx_word' id='word_1_299' title='bbox 0 0 1396 4936; x_wconf 95' lang='lat' dir='ltr'><strong> </strong></span> 
     </span>
    </p>
   </div>
  </div>
 </body>
</html>
