2782 4936
509 369 717 433 ...12-

65 544 159 611 suasi.
202 544 398 612 Memineram
421 546 513 628 enim,
536 547 626 612 sicuti
648 515 783 615 tortasse
801 547 872 630 alii,
893 548 1040 615 Heracliti
1060 549 1165 616 l’bilo-

63 644 262 740 laique'nept'
282 652 409 741 φύσεως
432 656 527 722 libros
546 657 635 723 buius
659 660 809 742 Βακχῶν,
832 659 913 725 illius
935 661 1082 725 Movenda
1104 674 1161 726 ott·

64 766 262 852 gnominibus
285 767 481 832 circumlatos
503 786 592 833 esse:
613 768 746 841 atbaec
768 769 933 834 similitudo
944 776 1005 835 tam
1023 770 1167 854 praecla-

62 895 129 942 ram
151 875 324 942 adiunctam
345 877 438 942 habet
460 876 758 960 dissimilitudinem,
785 884 819 942 ut
846 879 961 944 olliciat
989 881 1090 963 potius
1111 880 1163 946 isti
1260 897 1265 902 ·

64 986 203 1069 opinioni
226 1005 315 1070 qaam
329 987 480 1070 proficiat.
525 988 610 1063 Quae
630 988 768 1071 quamvis
782 989 903 1076 exiguis
918 1008 955 1054 ac
970 1006 1069 1072 paene
1090 990 1164 1055 nnl-

62 1096 103 1162 lis
122 1096 344 1180 probabilitatis
373 1097 523 1162 niteretur
543 1099 750 1184 argumentis,
782 1099 842 1164 boc
865 1106 967 1165 tamen
987 1099 1107 1183 effecit,
1132 1107 1164 1166 ut

63 1207 203 1273 lustralia
226 1214 278 1273 aut
298 1207 416 1274 cautius
433 1207 556 1274 silentio
574 1210 897 1292 praetermitterentur,
913 1217 964 1276 aut
985 1211 1086 1276 obiter
1095 1217 1167 1276 tarr-

65 1324 222 1403 gerentur,
245 1325 297 1383 aut
319 1318 382 1400 qui,
406 1317 487 1383 velut
500 1317 595 1383 Ulrici
618 1317 706 1396 (bist.
718 1337 804 1401 pnes.
816 1337 864 1404 gr.
888 1325 908 1383 t.
923 1319 957 1384 ll.
977 1339 1007 1404 p.
1024 1322 1082 1386 tet
1100 1331 1164 1404 sq.)

70 1428 226 1510 copiosius
248 1434 382 1494 tractare
392 1427 580 1510 riderentur,
605 1427 644 1523 de
657 1446 775 1514 genere
795 1428 941 1496 nonnulla
962 1428 1163 1513 dissererent,

52 1538 189 1623 singula
214 1538 426 1624 neglegerent.

163 1649 314 1734 Diogenis
338 1648 507 1732 conlegas,
534 1649 720 1732 desumptus,
742 1657 774 1713 ut
797 1649 871 1732 dini,
882 1649 1085 1717 Alexandrini
1108 1670 1166 1716 cu-

65 1759 189 1825 iusdam
212 1757 391 1844 ἄναγραφῇ,
414 1759 461 1824 sic
490 1759 688 1842 accipiendus
711 1765 768 1840 est,
791 1766 825 1823 ut
844 1766 896 1824 aut
917 1760 1007 1825 ambo
1029 1762 1164 1827 carmina

66 1869 158 1935 unius
179 1868 341 1935 vobminis
363 1868 478 1934 ambitu
501 1869 723 1950 comprehensa
752 1875 803 1933 aut
831 1875 916 1934 certe
940 1887 1082 1952 versuum
1104 1888 1166 1935 nu-
1254 1890 1258 1897 ·

65 1979 145 2044 meri
176 1979 209 2042 in
231 1996 324 2043 unum
350 1979 474 2043 conflati
496 1979 529 2042 irr
551 1977 668 2043 tabulas
697 1977 788 2043 relati
816 1997 888 2044 esse
910 1979 1069 2045 dicantur:
1093 1979 1163 2046 dum

67 2095 175 2155 contra
186 2088 296 2156 Suidas
316 2089 371 2154 tali
391 2089 494 2154 tabida
507 2106 581 2155 usus
601 2089 643 2154 sit
659 2105 790 2154 necesse
813 2095 870 2172 est,
890 2107 969 2172 quae
990 2091 1081 2156 unica
1104 2114 1168 2177 φυ-

67 2196 271 2266 oradnotata
292 2201 484 2265 contineret:
506 2206 634 2282 uterque
655 2187 756 2264 autem
772 2199 853 2282 quod
878 2201 1000 2267 abillis
1022 2197 1171 2285 turpanda·

69 2304 161 2390 λόγον
181 2317 340 2394 segregat,
362 2328 426 2374 non
440 2311 530 2376 obest
550 2309 621 2374 buic
639 2309 846 2392 explicationi,
870 2311 926 2376 sed
950 2311 1079 2377 de'eius
1101 2311 1168 2376 ori-

75 2417 149 2501 gine
160 2421 367 2502 suspicionem
380 2426 481 2506 auget.
505 2420 627 2484 Plenior
637 2435 713 2484 vero
730 2419 886 2484 dubitandi
908 2421 1053 2486 materies
1073 2421 1106 2484 irr
1127 2438 1166 2486 eo
1254 2420 1270 2453 '

71 2545 144 2593 esse
155 2529 285 2612 ridetur,
301 2532 393 2614 quod,
408 2549 476 2595 cum
486 2531 645 2614 Diogenes
660 2531 750 2596 ambo
764 2531 899 2595 carmina
913 2531 1046 2612 quinque
1057 2530 1174 2597 mitiora

69 2655 352 2706 versuumnumero
368 2641 594 2723 complectatur,
617 2641 727 2707 suidas
741 2641 828 2704 alteri
850 2641 951 2722 eique,
971 2646 1005 2703 ut
1020 2640 1169 2706 credibile

66 2754 124 2829 est,
146 2750 272 2816 muoris
302 2757 333 2817 et
354 2752 484 2816 ambitus
515 2757 546 2815 ct
570 2751 727 2836 dignitatis
749 2757 874 2834 tresque
902 2767 959 2832 per
979 2749 1075 2815 libros
1096 2768 1170 2831 per·

66 2857 177 2923 tinenti
207 2860 269 2925 duo
297 2866 413 2926 tanbrm
434 2879 578 2926 versuum
598 2861 681 2925 milia
701 2861 816 2925 tribuit.
862 2859 965 2926 Sensit
985 2859 1046 2924 boc
1067 2859 1169 2945 Berg-

66 2968 139 3034 kius
162 2976 338 3049 (comment
352 2973 391 3035 de
406 2971 491 3054 Ernp.
512 2988 649 3054 prooem.
661 2989 688 3053 p.
705 2971 742 3048 9)
765 2976 795 3036 et
806 2969 1007 3053 probabiliter
1025 2988 1044 3034 a
1065 2968 1168 3034 mendi

68 3078 220 3145 lacilitate
251 3080 363 3148 Suidae
394 3082 514 3147 restitui
544 3081 781 3164 τετρακιςχίλια
813 3079 917 3144 iussit:
957 3095 1036 3162 quae
1064 3085 1167 3144 tamen

70 3190 270 3269 emendatio,
304 3210 374 3257 cum
401 3192 478 3256 nibil
497 3197 657 3274 praeterea
690 3207 759 3252 eum
787 3188 978 3270 potissimum
1008 3207 1167 3254 numerum

69 3301 273 3383 commendet,
298 3303 441 3384 quoniam
463 3300 502 3366 ad
524 3298 736 3382 disputationis
760 3297 885 3362 omnino
906 3300 1002 3364 robur
1023 3316 1088 3364 uon
1110 3318 1168 3365 va-

69 3409 123 3491 let,
144 3411 178 3473 in
198 3411 302 3476 medio
323 3412 522 3494 relinquatur.
1055 3426 1057 3431 ’

170 3516 271 3600 Atque
295 3522 439 3602 φυσικῶν
459 3519 492 3582 in
513 3524 576 3583 tres
597 3517 693 3582 libros
719 3514 892 3588 distributio
917 3533 1114 3600 quamquam,
1135 3522 1169 3582 ut

70 3625 139 3690 lere
159 3625 220 3691 boc
240 3627 273 3691 in
294 3645 422 3713 genere,
446 3627 714 3710 grammaticorum
735 3632 862 3708 accepta
875 3625 1007 3690 retertur
1030 3626 1167 3710 diligen-

69 3735 156 3816 tiae,
186 3738 441 3821 conlirmaturque
474 3757 541 3803 cum
570 3737 683 3805 Suidae
710 3736 886 3802 testimonio
915 3741 977 3799 turn
1005 3734 1167 3818 Plutarchi,

71 3846 239 3928 Simplicii,
258 3847 382 3913 ‘ttetzae
402 3849 435 3913 in
455 3848 586 3914 citandis
600 3848 741 3912 versibus
762 3845 902 3911 formulis
922 3853 968 3924 (v.
985 3844 1024 3909 ad
1040 3862 1101 3914 vsa.
1116 3844 1168 3910 36.

72 3954 122 4019 60.
148 3955 221 4035 199,
248 3955 322 4036 969,
343 3957 438 4037 adop:
468 3975 532 4020 non
563 3957 700 4022 defuisse
722 3962 824 4020 tamen
848 3955 908 4018 iam
938 3959 1027 4018 antea
1048 3954 1171 4020 discer-

72 4066 167 4129 nendi
187 4066 327 4150 singulas
347 4073 450 4148 partes
472 4068 640 4148 rationem,
670 4066 876 4149 colligendum
899 4082 939 4129 ex
958 4066 1053 4132 Arist
1076 4065 1166 4150 phys.

72 4173 208 4256 illst
211 4177 281 4241 ‚ad
303 4192 350 4242 vs.
376 4177 460 4257 167).
503 4178 588 4242 Prius
609 4183 708 4242 autem
739 4194 810 4242 esse
831 4176 909 4241 baec
931 4193 1020 4259 quam
1041 4179 1167 4259 καθαρ-

73 4279 154 4365 μούς
176 4285 333 4352 elaborata
355 4304 425 4352 cum
446 4287 625 4370 eDiogenis
648 4285 751 4351 verbis
769 4285 920 4370 suspicari
940 4286 1023 4371 licet,
1045 4293 1108 4352 tum
1128 4303 1169 4352 ex

73 4392 224 4465 interiore
244 4397 402 4483 nutuque
436 4396 581 4466 carminis
607 4396 713 4465 indole
737 4396 814 4467 alias
835 4396 990 4483 copiosius
1009 4395 1169 4465 bacanda
