2782 4936
518 358 728 425 1-ss-

72 556 245 610 revocasse
262 540 673 624 nanarcratlinpedoolem
696 541 735 606 de
758 555 856 624 eapse
870 539 1051 625 exposuisse
1072 540 1173 629 (ipa.

73 647 253 738 γήσασθαι)
288 652 431 719 familiari
461 669 517 717 suo
546 653 731 717 Pausaniae:
774 652 857 718 unde
884 654 1042 736 proiectus
1070 652 1173 734 possis

73 763 253 845 respexisse
274 763 405 846 aliquem
427 762 508 827 iliius
536 762 645 827 librum
676 768 783 846 putare
805 761 1016 843 Heraclidem,
1042 778 1172 845 cumque
1238 830 1246 840 ,

72 872 174 939 nullus
204 872 356 941 eiusmodi
382 873 430 937 rei
464 873 666 955 exponendae
695 874 826 959 cogitari
848 868 948 956 possit
966 872 1066 955 aptior
1086 871 1174 938 loeus

76 1000 166 1066 mana
188 982 227 1049 de
246 1000 281 1049 rc
304 982 427 1049 medica
452 984 689 1064 commentatio,
724 984 822 1049 iirirse
844 984 926 1047 buno
944 982 1054 1047 libram
1076 977 1168 1066 λόγον

75 1094 160 1159 illum
182 1089 323 1176 torpendo
343 1093 543 1157 concludere.
575 1095 617 1158 At
636 1093 784 1176 peculiari
802 1093 881 1157 libro
902 1092 1083 1176 exposuisse
1098 1091 1174 1157 lina·

75 1201 237 1287 pe'doclem
259 1202 428 1268 Pausaniae
459 1202 608 1269 exanimis
640 1203 774 1268 feminae
802 1203 1013 1283 sanationem,
1036 1216 1175 1285 nequae

73 1313 226 1399 Diogenis
250 1312 354 1379 verbis
375 1309 447 1391 (καὶ
470 1315 646 1402 Παυσανίᾳ
665 1309 897 1399 ὑφηγήσασθαι
919 1309 1018 1378 adsis
1038 1309 1080 1377 τὰ
1103 1308 1177 1396 περὶ

79 1421 137 1508 τήν
159 1412 296 1503 ἄπνουν)
316 1421 517 1509 probabiliter
537 1422 620 1487 clici
639 1429 759 1505 potest,
782 1440 841 1489 nec
863 1421 987 1487 omnino
1008 1420 1177 1489 verisimile

80 1536 138 1619 cst,
160 1532 284 1615 quando
307 1531 388 1597 idem
408 1530 588 1597 lieraolides
610 1551 658 1615 ap.
681 1533 774 1618 Diog.
794 1531 870 1612 vill,
899 1531 940 1598 67
961 1536 1077 1612 nami,
1100 1531 1176 1599 nn·

76 1641 257 1725 pedoolem,
281 1647 441 1725 postquam
472 1641 618 1705 feminam
648 1641 680 1705 in
709 1641 802 1707 vitam
834 1641 1020 1707 restituisset
1043 1641 1177 1724 ideoque

77 1751 210 1823 omniurn
241 1768 298 1815 ore
321 1749 548 1830 celebraretur,
582 1750 752 1815 instituisse
784 1769 852 1816 cum
871 1751 1020 1817 Pausania
1045 1748 1176 1834 aliisque

78 1861 187 1926 amicis
205 1860 389 1927 saoriiioium
417 1878 455 1926 ao
487 1860 600 1925 deinde
621 1866 772 1926 nocturno
803 1867 941 1942 tempore
973 1878 1013 1929 ex
1034 1878 1073 1927 eo
1096 1879 1178 1931 oon·

79 1987 170 2036 sessu
189 1970 292 2037 subito
314 1971 428 2035 iactum
446 1988 517 2036 asse
539 1971 711 2037 evanidam.
735 1970 831 2046 Quam
853 1968 1045 2035 historiolam
1067 1987 1176 2052 quam

77 2081 125 2144 vis
145 2087 271 2163 propter
302 2081 513 2147 eredulitatem
543 2080 665 2145 iniamis
696 2081 840 2145 Ponticus
874 2097 937 2155 non
965 2080 1180 2163 proposuisset

76 2189 239 2273 proiecto,
264 2189 292 2253 si
318 2196 389 2255 ante
409 2189 517 2255 oculos
541 2189 691 2270 babebat,
721 2163 775 2271 'spui
794 2194 867 2272 posi
887 2188 970 2255 illam
989 2190 1180 2256 sanationem

79 2299 272 2382 conscriptus
298 2305 402 2381 esset,
433 2300 555 2365 librum.
614 2299 674 2365 Sed
700 2299 839 2365 morbum
861 2299 944 2365 illum
966 2301 1090 2366 curiose
1113 2307 1181 2367 tra-

82 2415 167 2473 ctans
189 2408 317 2490 arripuit
337 2409 445 2475 nescio
467 2409 549 2474 unde
571 2413 714 2490 tanquam
736 2407 855 2473 illustre
875 2415 965 2491 atque
988 2407 1070 2476 lama
1091 2408 1178 2475 coie-

82 2519 201 2583 bratum
220 2518 390 2604 exemplum
412 2519 562 2585 medelam
584 2518 622 2582 ab
634 2517 822 2601 Empedoclc
843 2519 965 2600 iactam,
988 2535 1078 2602 quam
1098 2537 1178 2586 eau-

83 2628 150 2693 dcm
180 2629 318 2713 wamiis
338 2629 559 2695 modestiorem
586 2627 689 2693 retulit
717 2628 897 2711 Hermippus
926 2628 1018 2714 Πίος.
1038 2629 1117 2711 vill,
1139 2628 1180 2697 69

80 2728 268 2823 (Ἕρμιππος
281 2739 317 2803 δέ
330 2761 408 2823 φησι
424 2735 675 2803 necessarum
697 2737 918 2822 {inpressione
941 2730 1180 2823 centumpedam

80 2843 143 2910 sind
167 2847 229 2911 τῶν
245 2848 364 2931 tarpeia
381 2850 587 2931 θεραπεῦσαι
605 2844 705 2913 αὐτὸν
725 2848 779 2911 καὶ
794 2841 848 2911 δια
868 2847 964 2911 τοῦτο
985 2843 1044 2929 τὴν
1063 2848 1183 2913 θυσίαν

80 2957 264 3036 ἐπιτελεῖν).
302 2957 469 3023 Pausaniae
492 2963 592 3021 autem
612 2956 802 3039 potissimum
822 2955 906 3021 unde
928 2955 1090 3038 oolligeret
1111 2974 1179 3023 eam

81 3071 179 3129 artem
200 3065 342 3133 traditam
364 3085 446 3148 esse,
466 3067 577 3132 videor
593 3064 823 3131 mihiidoneum
839 3065 997 3131 invenisse
1017 3063 1129 3147 iocum,
1154 3065 1182 3131 si

82 3174 206 3256 quidem
228 3177 369 3243 uersibus
391 3194 469 3260 quos
494 3195 586 3259 supra
607 3175 808 3257 descripimus
837 3173 996 3256 (at-3s)
1016 3181 1107 3258 poeta
1124 3193 1186 3241 ne-

82 3302 234 3368 quaquam
257 3287 414 3369 sepalana
435 3286 594 3371 profitetur
621 3285 847 3368 propositurum
867 3285 987 3367 artium,
1003 3302 1079 3368 quas
1101 3303 1182 3351 onu-

78 3401 189 3475 merat,
209 3395 358 3474 rationes,
381 3392 439 3462 sed
459 3396 581 3479 seponit
612 3413 666 3461 eas
687 3395 741 3459 uni
769 3412 826 3461 suo
848 3395 948 3461 amico
968 3395 1056 3473 (inei
1073 3394 1181 3486 μούνῳ

80 3505 135 3567 coi
155 3500 216 3585 ἐγώ
235 3507 361 3587 ,κρανέω
375 3503 451 3570 τάδε
473 3505 591 3587 πάντα)
602 3505 832 3588 impertiendas,
854 3505 963 3570 callide
984 3505 1031 3570 sio
1052 3505 1182 3572 lectori-

80 3611 139 3674 bus
169 3613 310 3695 cupidam
339 3615 521 3680 mirabilium
554 3616 799 3697 expectationem
819 3615 957 3681 eximens
979 3621 1087 3696 (quam
1112 3633 1181 3683 oum

80 3738 123 3784 ne
152 3738 211 3786 nos
233 3723 355 3805 quidem
389 3724 582 3789 retinendam
604 3725 844 3805 arbitraremur,
873 3724 1017 3788 nonfuit
1049 3741 1106 3790 our
1127 3743 1182 3790 eos

79 3847 193 3897 versus
214 3849 232 3896 a
254 3832 390 3915 physicis
412 3833 658 3919 relegeremus):
687 3833 809 3900 ultimus
831 3839 930 3898 autem
951 3850 1061 3897 versus
1084 3823 1185 3919 (ἄξας

81 4090 250 4162 scriptorum)
278 4091 366 4145 elstra
388 4094 457 4164 napi
473 4091 571 4150 νόσων
589 4093 624 4160 α’,
654 4106 722 4161 quae
739 4090 821 4145 rerba
842 4089 1010 4162 intolerabili
1036 4089 1185 4163 stribligine

84 4185 206 4241 laborare
225 4201 303 4241 aomo
322 4186 514 4242 animadvertit.
533 4188 588 4241 lam
604 4204 662 4241 cum
678 4189 705 4240 iu
724 4203 757 4242 eo
776 4187 896 4256 eataiopo
914 4188 983 4242 desit
1001 4202 1109 4257 prorsus
1126 4188 1186 4244 iibri

85 4287 154 4357 capt
176 4283 271 4344 ὄκνον
297 4285 414 4355 nentia,
438 4291 537 4340 certam
564 4286 632 4341 baro
654 4286 746 4355 aoeipa
770 4285 995 4341 emandationem
1022 4283 1186 4354 Ἀπνννςῆ

87 4383 156 4455 napi
172 4381 275 4440 νόσων.
