<?xml version="1.0" encoding="UTF-8"?>
<!DOCTYPE html PUBLIC "-//W3C//DTD XHTML 1.0 Transitional//EN"
    "http://www.w3.org/TR/xhtml1/DTD/xhtml1-transitional.dtd">
<html xmlns="http://www.w3.org/1999/xhtml" xml:lang="en" lang="en">
 <head>
  <title>
</title>
<meta http-equiv="Content-Type" content="text/html;charset=utf-8" />
  <meta name='ocr-system' content='tesseract 3.04.00' />
  <meta name='ocr-capabilities' content='ocr_page ocr_carea ocr_par ocr_line ocrx_word'/>
</head>
<body>
  <div class='ocr_page' id='page_1' title='image "./empedoclisagrig00empegoog_0021.png"; bbox 0 0 2796 4942; ppageno 0'>
   <div class='ocr_carea' id='block_1_1' title="bbox 94 464 1252 2527">
    <p class='ocr_par' dir='ltr' id='par_1_1' title="bbox 94 464 1252 2527">
     <span class='ocr_line' id='line_1_1' title="bbox 149 464 1242 555; baseline 0.002 -18"><span class='ocrx_word' id='word_1_1' title='bbox 149 464 221 537; x_wconf 86' lang='lat' dir='ltr'><strong>dum</strong></span> <span class='ocrx_word' id='word_1_2' title='bbox 242 465 293 533; x_wconf 89' lang='lat' dir='ltr'><strong>sit</strong></span> <span class='ocrx_word' id='word_1_3' title='bbox 336 465 402 537; x_wconf 81' lang='lat' dir='ltr'><strong>uui</strong></span> <span class='ocrx_word' id='word_1_4' title='bbox 419 482 513 553; x_wconf 90' lang='lat' dir='ltr'><strong>porro</strong></span> <span class='ocrx_word' id='word_1_5' title='bbox 530 467 595 537; x_wconf 87' lang='lat' dir='ltr'><strong>iaoc</strong></span> <span class='ocrx_word' id='word_1_6' title='bbox 624 467 834 554; x_wconf 74' lang='lat' dir='ltr'><strong>ingeniolum</strong></span> <span class='ocrx_word' id='word_1_7' title='bbox 861 466 1021 553; x_wconf 78' lang='lat' dir='ltr'><strong>multiplici</strong></span> <span class='ocrx_word' id='word_1_8' title='bbox 1039 484 1083 537; x_wconf 85' lang='lat' dir='ltr'><strong>ac</strong></span> <span class='ocrx_word' id='word_1_9' title='bbox 1101 484 1242 555; x_wconf 71' lang='lat' dir='ltr'><strong>praesm-</strong></span> 
     </span>
     <span class='ocr_line' id='line_1_2' title="bbox 148 578 1243 665; baseline 0.004 -20"><span class='ocrx_word' id='word_1_10' title='bbox 148 578 202 645; x_wconf 87' lang='lat' dir='ltr'><strong>tim</strong></span> <span class='ocrx_word' id='word_1_11' title='bbox 223 578 341 645; x_wconf 89' lang='lat' dir='ltr'><strong>oratori</strong></span> <span class='ocrx_word' id='word_1_12' title='bbox 360 579 579 663; x_wconf 73' lang='lat' dir='ltr'><strong>concedimus,</strong></span> <span class='ocrx_word' id='word_1_13' title='bbox 612 586 645 645; x_wconf 94' lang='lat' dir='ltr'><strong>ut</strong></span> <span class='ocrx_word' id='word_1_14' title='bbox 670 581 703 645; x_wconf 91' lang='lat' dir='ltr'><strong>in</strong></span> <span class='ocrx_word' id='word_1_15' title='bbox 732 598 769 645; x_wconf 88' lang='lat' dir='ltr'><strong>re</strong></span> <span class='ocrx_word' id='word_1_16' title='bbox 790 580 875 645; x_wconf 91' lang='lat' dir='ltr'><strong>tenui</strong></span> <span class='ocrx_word' id='word_1_17' title='bbox 895 599 935 647; x_wconf 89' lang='lat' dir='ltr'><strong>ac</strong></span> <span class='ocrx_word' id='word_1_18' title='bbox 954 580 1059 647; x_wconf 89' lang='lat' dir='ltr'><strong>ieiuna</strong></span> <span class='ocrx_word' id='word_1_19' title='bbox 1074 581 1116 647; x_wconf 87' lang='lat' dir='ltr'><strong>ad</strong></span> <span class='ocrx_word' id='word_1_20' title='bbox 1136 598 1243 665; x_wconf 81' lang='lat' dir='ltr'><strong>prosae</strong></span> 
     </span>
     <span class='ocr_line' id='line_1_3' title="bbox 147 688 1243 772; baseline 0.004 -17"><span class='ocrx_word' id='word_1_21' title='bbox 147 688 299 755; x_wconf 88' lang='lat' dir='ltr'><strong>orationis</strong></span> <span class='ocrx_word' id='word_1_22' title='bbox 320 689 487 755; x_wconf 74' lang='lat' dir='ltr'><strong>exilitatem</strong></span> <span class='ocrx_word' id='word_1_23' title='bbox 501 690 710 772; x_wconf 89' lang='lat' dir='ltr'><strong>descenderit,</strong></span> <span class='ocrx_word' id='word_1_24' title='bbox 730 690 977 759; x_wconf 81' lang='lat' dir='ltr'><strong>testimoniorum</strong></span> <span class='ocrx_word' id='word_1_25' title='bbox 991 696 1097 757; x_wconf 70' lang='lat' dir='ltr'><strong>umeri</strong></span> <span class='ocrx_word' id='word_1_26' title='bbox 1108 691 1153 757; x_wconf 93' lang='lat' dir='ltr'><strong>de</strong></span> <span class='ocrx_word' id='word_1_27' title='bbox 1163 692 1243 759; x_wconf 84' lang='lat' dir='ltr'><strong>eius·</strong></span> 
     </span>
     <span class='ocr_line' id='line_1_4' title="bbox 147 799 1242 885; baseline 0.002 -20"><span class='ocrx_word' id='word_1_28' title='bbox 147 799 233 865; x_wconf 90' lang='lat' dir='ltr'><strong>modi</strong></span> <span class='ocrx_word' id='word_1_29' title='bbox 254 799 334 865; x_wconf 84' lang='lat' dir='ltr'><strong>iiiro</strong></span> <span class='ocrx_word' id='word_1_30' title='bbox 350 818 451 884; x_wconf 88' lang='lat' dir='ltr'><strong>paene</strong></span> <span class='ocrx_word' id='word_1_31' title='bbox 472 800 611 867; x_wconf 80' lang='lat' dir='ltr'><strong>delectum</strong></span> <span class='ocrx_word' id='word_1_32' title='bbox 633 818 738 867; x_wconf 87' lang='lat' dir='ltr'><strong>acrem</strong></span> <span class='ocrx_word' id='word_1_33' title='bbox 754 800 843 865; x_wconf 87' lang='lat' dir='ltr'><strong>inicit</strong></span> <span class='ocrx_word' id='word_1_34' title='bbox 852 801 1039 885; x_wconf 89' lang='lat' dir='ltr'><strong>suspicionis</strong></span> <span class='ocrx_word' id='word_1_35' title='bbox 1058 801 1242 885; x_wconf 80' lang='lat' dir='ltr'><strong>scrupulum,</strong></span> 
     </span>
     <span class='ocr_line' id='line_1_5' title="bbox 148 909 1245 997; baseline 0.004 -22"><span class='ocrx_word' id='word_1_36' title='bbox 148 909 368 994; x_wconf 71' lang='lat' dir='ltr'><strong>intricatisque</strong></span> <span class='ocrx_word' id='word_1_37' title='bbox 397 912 431 978; x_wconf 94' lang='lat' dir='ltr'><strong>id</strong></span> <span class='ocrx_word' id='word_1_38' title='bbox 461 928 562 997; x_wconf 76' lang='lat' dir='ltr'><strong>genus</strong></span> <span class='ocrx_word' id='word_1_39' title='bbox 594 910 681 977; x_wconf 87' lang='lat' dir='ltr'><strong>libris</strong></span> <span class='ocrx_word' id='word_1_40' title='bbox 703 911 872 979; x_wconf 74' lang='lat' dir='ltr'><strong>illustribus</strong></span> <span class='ocrx_word' id='word_1_41' title='bbox 895 912 1069 977; x_wconf 86' lang='lat' dir='ltr'><strong>nominibus</strong></span> <span class='ocrx_word' id='word_1_42' title='bbox 1093 912 1245 995; x_wconf 86' lang='lat' dir='ltr'><strong>inscriptis</strong></span> 
     </span>
     <span class='ocr_line' id='line_1_6' title="bbox 145 1018 1247 1109; baseline 0 -22"><span class='ocrx_word' id='word_1_43' title='bbox 145 1018 387 1087; x_wconf 82' lang='lat' dir='ltr'><strong>Ptolemaeorum</strong></span> <span class='ocrx_word' id='word_1_44' title='bbox 404 1027 546 1103; x_wconf 77' lang='grc' dir='ltr'><strong><em>οοῑαῑουο,</em></strong></span> <span class='ocrx_word' id='word_1_45' title='bbox 558 1039 618 1105; x_wconf 87' lang='lat' dir='ltr'><strong>qun</strong></span> <span class='ocrx_word' id='word_1_46' title='bbox 634 1021 795 1088; x_wconf 89' lang='lat' dir='ltr'><strong>conlectae</strong></span> <span class='ocrx_word' id='word_1_47' title='bbox 806 1028 887 1103; x_wconf 86' lang='lat' dir='ltr'><strong>sunl,</strong></span> <span class='ocrx_word' id='word_1_48' title='bbox 905 1021 989 1087; x_wconf 89' lang='lat' dir='ltr'><strong>unde</strong></span> <span class='ocrx_word' id='word_1_49' title='bbox 1002 1021 1164 1109; x_wconf 74' lang='lat' dir='ltr'><strong>Diogenes</strong></span> <span class='ocrx_word' id='word_1_50' title='bbox 1181 1021 1247 1089; x_wconf 86' lang='lat' dir='ltr'><strong>Sul·</strong></span> 
     </span>
     <span class='ocr_line' id='line_1_7' title="bbox 94 1129 1248 1214; baseline 0 -17"><span class='ocrx_word' id='word_1_51' title='bbox 94 1180 97 1185; x_wconf 57' lang='grc'>«</span> <span class='ocrx_word' id='word_1_52' title='bbox 146 1129 264 1214; x_wconf 86' lang='lat' dir='ltr'><strong>dasque</strong></span> <span class='ocrx_word' id='word_1_53' title='bbox 283 1131 463 1213; x_wconf 81' lang='lat' dir='ltr'><strong>hauserunt,</strong></span> <span class='ocrx_word' id='word_1_54' title='bbox 486 1131 609 1197; x_wconf 75' lang='lat' dir='ltr'><strong>tabulam</strong></span> <span class='ocrx_word' id='word_1_55' title='bbox 630 1151 658 1197; x_wconf 89' lang='lat' dir='ltr'><strong>s.</strong></span> <span class='ocrx_word' id='word_1_56' title='bbox 678 1135 825 1213; x_wconf 78' lang='grc' dir='ltr'><strong><em>πίνακος,</em></strong></span> <span class='ocrx_word' id='word_1_57' title='bbox 851 1137 912 1197; x_wconf 90' lang='lat' dir='ltr'><strong>tam</strong></span> <span class='ocrx_word' id='word_1_58' title='bbox 929 1130 1088 1199; x_wconf 84' lang='lat' dir='ltr'><strong>luxuriose</strong></span> <span class='ocrx_word' id='word_1_59' title='bbox 1110 1131 1248 1197; x_wconf 84' lang='lat' dir='ltr'><strong>lloruisse</strong></span> 
     </span>
     <span class='ocr_line' id='line_1_8' title="bbox 147 1240 1248 1324; baseline -0.002 -17"><span class='ocrx_word' id='word_1_60' title='bbox 147 1241 261 1307; x_wconf 77' lang='lat' dir='ltr'><strong>semus</strong></span> <span class='ocrx_word' id='word_1_61' title='bbox 292 1262 311 1308; x_wconf 89' lang='lat' dir='ltr'><strong>e</strong></span> <span class='ocrx_word' id='word_1_62' title='bbox 332 1243 441 1309; x_wconf 81' lang='lat' dir='ltr'><strong>Galeri</strong></span> <span class='ocrx_word' id='word_1_63' title='bbox 461 1242 660 1324; x_wconf 85' lang='lat' dir='ltr'><strong>querimoniis</strong></span> <span class='ocrx_word' id='word_1_64' title='bbox 695 1252 741 1322; x_wconf 87' lang='grc' dir='ltr'><strong>(υ.</strong></span> <span class='ocrx_word' id='word_1_65' title='bbox 762 1241 962 1307; x_wconf 87' lang='lat' dir='ltr'><strong>llitschelium</strong></span> <span class='ocrx_word' id='word_1_66' title='bbox 981 1242 1004 1307; x_wconf 88' lang='lat' dir='ltr'><strong>i.</strong></span> <span class='ocrx_word' id='word_1_67' title='bbox 1024 1242 1047 1305; x_wconf 92' lang='lat' dir='ltr'><strong>l.</strong></span> <span class='ocrx_word' id='word_1_68' title='bbox 1076 1259 1109 1324; x_wconf 90' lang='lat' dir='ltr'><strong>p.</strong></span> <span class='ocrx_word' id='word_1_69' title='bbox 1134 1240 1176 1307; x_wconf 74' lang='lat'><strong>20</strong></span> <span class='ocrx_word' id='word_1_70' title='bbox 1195 1250 1248 1322; x_wconf 76' lang='lat' dir='ltr'><strong>m),</strong></span> 
     </span>
     <span class='ocr_line' id='line_1_9' title="bbox 147 1350 1249 1435; baseline 0.002 -22"><span class='ocrx_word' id='word_1_71' title='bbox 147 1355 181 1413; x_wconf 91' lang='lat' dir='ltr'><strong>ut</strong></span> <span class='ocrx_word' id='word_1_72' title='bbox 200 1368 240 1417; x_wconf 91' lang='lat' dir='ltr'><strong>ne</strong></span> <span class='ocrx_word' id='word_1_73' title='bbox 261 1351 296 1415; x_wconf 91' lang='lat' dir='ltr'><strong>in</strong></span> <span class='ocrx_word' id='word_1_74' title='bbox 315 1352 374 1416; x_wconf 85' lang='lat' dir='ltr'><strong>lrac</strong></span> <span class='ocrx_word' id='word_1_75' title='bbox 395 1371 431 1416; x_wconf 88' lang='lat' dir='ltr'><strong>re</strong></span> <span class='ocrx_word' id='word_1_76' title='bbox 452 1352 573 1434; x_wconf 88' lang='lat' dir='ltr'><strong>quidem</strong></span> <span class='ocrx_word' id='word_1_77' title='bbox 590 1370 711 1416; x_wconf 89' lang='lat' dir='ltr'><strong>omnem</strong></span> <span class='ocrx_word' id='word_1_78' title='bbox 741 1351 959 1417; x_wconf 88' lang='lat' dir='ltr'><strong>dubitationem</strong></span> <span class='ocrx_word' id='word_1_79' title='bbox 974 1350 1129 1435; x_wconf 89' lang='lat' dir='ltr'><strong>possimus</strong></span> <span class='ocrx_word' id='word_1_80' title='bbox 1152 1351 1249 1415; x_wconf 89' lang='lat' dir='ltr'><strong>dimo-</strong></span> 
     </span>
     <span class='ocr_line' id='line_1_10' title="bbox 148 1460 1246 1545; baseline 0 -23"><span class='ocrx_word' id='word_1_81' title='bbox 148 1476 234 1525; x_wconf 86' lang='lat' dir='ltr'><strong>vere.</strong></span> <span class='ocrx_word' id='word_1_82' title='bbox 276 1460 457 1526; x_wconf 89' lang='lat' dir='ltr'><strong>Heraclides</strong></span> <span class='ocrx_word' id='word_1_83' title='bbox 478 1468 564 1525; x_wconf 90' lang='lat' dir='ltr'><strong>certe</strong></span> <span class='ocrx_word' id='word_1_84' title='bbox 584 1461 726 1526; x_wconf 88' lang='lat' dir='ltr'><strong>Ponticus</strong></span> <span class='ocrx_word' id='word_1_85' title='bbox 749 1479 811 1525; x_wconf 90' lang='lat' dir='ltr'><strong>non</strong></span> <span class='ocrx_word' id='word_1_86' title='bbox 835 1468 896 1527; x_wconf 87' lang='lat' dir='ltr'><strong>tam</strong></span> <span class='ocrx_word' id='word_1_87' title='bbox 920 1461 1089 1545; x_wconf 79' lang='lat' dir='ltr'><strong>longinque</strong></span> <span class='ocrx_word' id='word_1_88' title='bbox 1110 1460 1246 1543; x_wconf 88' lang='lat' dir='ltr'><strong>petiisset</strong></span> 
     </span>
     <span class='ocr_line' id='line_1_11' title="bbox 147 1560 1247 1657; baseline 0 -24"><span class='ocrx_word' id='word_1_89' title='bbox 147 1574 372 1657; x_wconf 78' lang='lat' dir='ltr'><strong>argumentum,</strong></span> <span class='ocrx_word' id='word_1_90' title='bbox 393 1587 482 1653; x_wconf 88' lang='lat' dir='ltr'><strong>qnam</strong></span> <span class='ocrx_word' id='word_1_91' title='bbox 505 1571 646 1656; x_wconf 84' lang='lat' dir='ltr'><strong>Diogene</strong></span> <span class='ocrx_word' id='word_1_92' title='bbox 670 1576 748 1636; x_wconf 88' lang='lat' dir='ltr'><strong>teste</strong></span> <span class='ocrx_word' id='word_1_93' title='bbox 770 1572 847 1652; x_wconf 90' lang='lat' dir='ltr'><strong>lllll,</strong></span> <span class='ocrx_word' id='word_1_94' title='bbox 870 1571 910 1636; x_wconf 85' lang='lat' dir='ltr'><strong>dl</strong></span> <span class='ocrx_word' id='word_1_95' title='bbox 936 1566 1010 1653; x_wconf 73' lang='grc' dir='ltr'><strong><em>(τὴν</em></strong></span> <span class='ocrx_word' id='word_1_96' title='bbox 1031 1570 1111 1653; x_wconf 75' lang='grc' dir='ltr'><strong><em>γοῦν</em></strong></span> <span class='ocrx_word' id='word_1_97' title='bbox 1132 1560 1247 1633; x_wconf 84' lang='grc' dir='ltr'><strong><em>ἄπνουν</em></strong></span> 
     </span>
     <span class='ocr_line' id='line_1_12' title="bbox 147 1673 1249 1765; baseline 0.001 -24"><span class='ocrx_word' id='word_1_98' title='bbox 147 1674 376 1764; x_wconf 76' lang='grc' dir='ltr'><strong><em>ἄἩραλοτᾶης</em></strong></span> <span class='ocrx_word' id='word_1_99' title='bbox 405 1677 487 1765; x_wconf 74' lang='grc' dir='ltr'><strong>φησί</strong></span> <span class='ocrx_word' id='word_1_100' title='bbox 519 1677 663 1745; x_wconf 79' lang='grc' dir='ltr'><strong><em>τοιοῦτόν</em></strong></span> <span class='ocrx_word' id='word_1_101' title='bbox 684 1704 715 1745; x_wconf 87' lang='grc' dir='ltr'><strong>τι</strong></span> <span class='ocrx_word' id='word_1_102' title='bbox 738 1673 834 1764; x_wconf 82' lang='grc' dir='ltr'><strong><em>εἶναι,</em></strong></span> <span class='ocrx_word' id='word_1_103' title='bbox 860 1678 904 1755; x_wconf 76' lang='grc' dir='ltr'><strong><em>οὖς</em></strong></span> <span class='ocrx_word' id='word_1_104' title='bbox 933 1674 1100 1764; x_wconf 76' lang='grc' dir='ltr'><strong><em>τριάκοντα</em></strong></span> <span class='ocrx_word' id='word_1_105' title='bbox 1131 1676 1249 1763; x_wconf 70' lang='grc' dir='ltr'><strong><em>ἡμέρας</em></strong></span> 
     </span>
     <span class='ocr_line' id='line_1_13' title="bbox 147 1778 1249 1875; baseline -0.003 -22"><span class='ocrx_word' id='word_1_106' title='bbox 147 1793 312 1872; x_wconf 75' lang='grc' dir='ltr'><strong><em>συντηρεῖν</em></strong></span> <span class='ocrx_word' id='word_1_107' title='bbox 328 1778 449 1854; x_wconf 84' lang='grc' dir='ltr'><strong><em>ἄπνουν</em></strong></span> <span class='ocrx_word' id='word_1_108' title='bbox 463 1785 520 1854; x_wconf 76' lang='grc' dir='ltr'><strong>καὶ</strong></span> <span class='ocrx_word' id='word_1_109' title='bbox 536 1785 698 1875; x_wconf 76' lang='grc' dir='ltr'><strong><em>ἄσφυκτον</em></strong></span> <span class='ocrx_word' id='word_1_110' title='bbox 719 1786 754 1853; x_wconf 65' lang='lat' dir='ltr'><strong>ro*</strong></span> <span class='ocrx_word' id='word_1_111' title='bbox 771 1790 881 1869; x_wconf 76' lang='grc' dir='ltr'><strong><em>σῶμα·</em></strong></span> <span class='ocrx_word' id='word_1_112' title='bbox 903 1782 979 1853; x_wconf 73' lang='lat' dir='ltr'><strong>duaa</strong></span> <span class='ocrx_word' id='word_1_113' title='bbox 992 1789 1046 1853; x_wconf 72' lang='grc' dir='ltr'><strong>κατ’</strong></span> <span class='ocrx_word' id='word_1_114' title='bbox 1057 1779 1249 1853; x_wconf 79' lang='grc' dir='ltr'><strong><em>οἶπεναᾶτᾶν</em></strong></span> 
     </span>
     <span class='ocr_line' id='line_1_14' title="bbox 148 1889 1248 1982; baseline -0.005 -19"><span class='ocrx_word' id='word_1_115' title='bbox 148 1893 269 1978; x_wconf 56' lang='lat' dir='ltr'><strong>(Etru.)</strong></span> <span class='ocrx_word' id='word_1_116' title='bbox 292 1894 347 1963; x_wconf 82' lang='grc' dir='ltr'><strong><em>καί</em></strong></span> <span class='ocrx_word' id='word_1_117' title='bbox 358 1895 467 1982; x_wconf 75' lang='grc' dir='ltr'><strong><em>ἰατρὸν</em></strong></span> <span class='ocrx_word' id='word_1_118' title='bbox 486 1896 543 1963; x_wconf 75' lang='grc' dir='ltr'><strong><em>κατ’</em></strong></span> <span class='ocrx_word' id='word_1_119' title='bbox 556 1897 677 1980; x_wconf 79' lang='grc' dir='ltr'><strong><em>μάντιν,</em></strong></span> <span class='ocrx_word' id='word_1_120' title='bbox 697 1895 870 1979; x_wconf 76' lang='grc' dir='ltr'><strong><em>λαμβάνων</em></strong></span> <span class='ocrx_word' id='word_1_121' title='bbox 888 1892 957 1979; x_wconf 85' lang='grc' dir='ltr'><strong>ἄμα</strong></span> <span class='ocrx_word' id='word_1_122' title='bbox 972 1901 1025 1961; x_wconf 75' lang='grc' dir='ltr'><strong>καὶ</strong></span> <span class='ocrx_word' id='word_1_123' title='bbox 1047 1894 1110 1959; x_wconf 87' lang='grc' dir='ltr'><strong>ἄπό</strong></span> <span class='ocrx_word' id='word_1_124' title='bbox 1128 1889 1248 1959; x_wconf 64' lang='lat' dir='ltr'><strong>reducor</strong></span> 
     </span>
     <span class='ocr_line' id='line_1_15' title="bbox 149 2006 1248 2091; baseline -0.004 -19"><span class='ocrx_word' id='word_1_125' title='bbox 149 2009 211 2072; x_wconf 77' lang='grc' dir='ltr'><strong><em>τοῖο</em></strong></span> <span class='ocrx_word' id='word_1_126' title='bbox 232 2012 370 2090; x_wconf 79' lang='grc' dir='ltr'><strong><em>σοι’χοον,</em></strong></span> <span class='ocrx_word' id='word_1_127' title='bbox 382 2047 424 2061; x_wconf 89' lang='grc'>-</span> <span class='ocrx_word' id='word_1_128' title='bbox 441 2027 503 2075; x_wconf 85' lang='lat' dir='ltr'><strong>uss.</strong></span> <span class='ocrx_word' id='word_1_129' title='bbox 517 2008 579 2074; x_wconf 76' lang='lat'><strong>352</strong></span> <span class='ocrx_word' id='word_1_130' title='bbox 590 2027 658 2091; x_wconf 88' lang='lat' dir='ltr'><strong>sqq.</strong></span> <span class='ocrx_word' id='word_1_131' title='bbox 670 2008 743 2074; x_wconf 88' lang='lat' dir='ltr'><strong>edit.</strong></span> <span class='ocrx_word' id='word_1_132' title='bbox 757 2018 861 2087; x_wconf 90' lang='lat' dir='ltr'><strong>meae)</strong></span> <span class='ocrx_word' id='word_1_133' title='bbox 883 2007 968 2089; x_wconf 89' lang='lat' dir='ltr'><strong>iecit,</strong></span> <span class='ocrx_word' id='word_1_134' title='bbox 991 2012 1024 2070; x_wconf 92' lang='lat' dir='ltr'><strong>ut</strong></span> <span class='ocrx_word' id='word_1_135' title='bbox 1044 2011 1075 2071; x_wconf 89' lang='lat' dir='ltr'><strong>et</strong></span> <span class='ocrx_word' id='word_1_136' title='bbox 1095 2006 1248 2070; x_wconf 92' lang='lat' dir='ltr'><strong>medicum</strong></span> 
     </span>
     <span class='ocr_line' id='line_1_16' title="bbox 148 2114 1251 2200; baseline -0.003 -19"><span class='ocrx_word' id='word_1_137' title='bbox 148 2122 181 2181; x_wconf 89' lang='lat' dir='ltr'><strong>et</strong></span> <span class='ocrx_word' id='word_1_138' title='bbox 200 2124 300 2183; x_wconf 89' lang='lat' dir='ltr'><strong>vatem</strong></span> <span class='ocrx_word' id='word_1_139' title='bbox 335 2117 562 2184; x_wconf 87' lang='lat' dir='ltr'><strong>demonstraret</strong></span> <span class='ocrx_word' id='word_1_140' title='bbox 580 2117 798 2200; x_wconf 80' lang='lat' dir='ltr'><strong>Empedoclem</strong></span> <span class='ocrx_word' id='word_1_141' title='bbox 819 2117 934 2197; x_wconf 83' lang='lat' dir='ltr'><strong>luisse,</strong></span> <span class='ocrx_word' id='word_1_142' title='bbox 966 2117 993 2180; x_wconf 91' lang='lat' dir='ltr'><strong>si</strong></span> <span class='ocrx_word' id='word_1_143' title='bbox 1016 2114 1170 2181; x_wconf 86' lang='lat' dir='ltr'><strong>extitisset</strong></span> <span class='ocrx_word' id='word_1_144' title='bbox 1190 2120 1251 2178; x_wconf 92' lang='lat' dir='ltr'><strong>tum</strong></span> 
     </span>
     <span class='ocr_line' id='line_1_17' title="bbox 148 2225 1251 2313; baseline -0.003 -22"><span class='ocrx_word' id='word_1_145' title='bbox 148 2226 262 2291; x_wconf 88' lang='lat' dir='ltr'><strong>medici</strong></span> <span class='ocrx_word' id='word_1_146' title='bbox 286 2229 413 2313; x_wconf 79' lang='lat' dir='ltr'><strong>generis</strong></span> <span class='ocrx_word' id='word_1_147' title='bbox 432 2229 596 2311; x_wconf 88' lang='lat' dir='ltr'><strong>inscriptus</strong></span> <span class='ocrx_word' id='word_1_148' title='bbox 609 2229 690 2292; x_wconf 90' lang='lat' dir='ltr'><strong>illius</strong></span> <span class='ocrx_word' id='word_1_149' title='bbox 711 2228 829 2292; x_wconf 89' lang='lat' dir='ltr'><strong>nomini</strong></span> <span class='ocrx_word' id='word_1_150' title='bbox 851 2227 939 2292; x_wconf 87' lang='lat' dir='ltr'><strong>liber.</strong></span> <span class='ocrx_word' id='word_1_151' title='bbox 961 2227 1002 2291; x_wconf 83' lang='lat' dir='ltr'><strong>at</strong></span> <span class='ocrx_word' id='word_1_152' title='bbox 1025 2225 1106 2290; x_wconf 91' lang='lat' dir='ltr'><strong>enim</strong></span> <span class='ocrx_word' id='word_1_153' title='bbox 1122 2225 1251 2307; x_wconf 89' lang='lat' dir='ltr'><strong>hicipse</strong></span> 
     </span>
     <span class='ocr_line' id='line_1_18' title="bbox 148 2334 1252 2419; baseline 0.001 -20"><span class='ocrx_word' id='word_1_154' title='bbox 148 2334 330 2401; x_wconf 80' lang='lat' dir='ltr'><strong>Heraclides</strong></span> <span class='ocrx_word' id='word_1_155' title='bbox 347 2337 379 2400; x_wconf 89' lang='lat' dir='ltr'><strong>in</strong></span> <span class='ocrx_word' id='word_1_156' title='bbox 401 2336 493 2412; x_wconf 87' lang='lat' dir='ltr'><strong>libro,</strong></span> <span class='ocrx_word' id='word_1_157' title='bbox 515 2354 576 2419; x_wconf 92' lang='lat' dir='ltr'><strong>qno</strong></span> <span class='ocrx_word' id='word_1_158' title='bbox 598 2337 637 2400; x_wconf 88' lang='lat' dir='ltr'><strong>de</strong></span> <span class='ocrx_word' id='word_1_159' title='bbox 659 2338 771 2402; x_wconf 88' lang='lat' dir='ltr'><strong>femina</strong></span> <span class='ocrx_word' id='word_1_160' title='bbox 791 2355 847 2418; x_wconf 93' lang='lat' dir='ltr'><strong>per</strong></span> <span class='ocrx_word' id='word_1_161' title='bbox 867 2335 977 2400; x_wconf 85' lang='lat' dir='ltr'><strong>multos</strong></span> <span class='ocrx_word' id='word_1_162' title='bbox 999 2334 1066 2400; x_wconf 88' lang='lat' dir='ltr'><strong>dies</strong></span> <span class='ocrx_word' id='word_1_163' title='bbox 1089 2334 1129 2399; x_wconf 93' lang='lat' dir='ltr'><strong>ad</strong></span> <span class='ocrx_word' id='word_1_164' title='bbox 1144 2334 1252 2400; x_wconf 88' lang='lat' dir='ltr'><strong>mortis</strong></span> 
     </span>
     <span class='ocr_line' id='line_1_19' title="bbox 149 2444 1251 2527; baseline -0.002 -16"><span class='ocrx_word' id='word_1_165' title='bbox 149 2445 376 2511; x_wconf 87' lang='lat' dir='ltr'><strong>similitudinem</strong></span> <span class='ocrx_word' id='word_1_166' title='bbox 396 2445 518 2510; x_wconf 90' lang='lat' dir='ltr'><strong>iacente</strong></span> <span class='ocrx_word' id='word_1_167' title='bbox 542 2452 726 2527; x_wconf 80' lang='lat' dir='ltr'><strong>exposuerat</strong></span> <span class='ocrx_word' id='word_1_168' title='bbox 749 2448 800 2527; x_wconf 67' lang='lat' dir='ltr'><strong>l),</strong></span> <span class='ocrx_word' id='word_1_169' title='bbox 824 2445 915 2510; x_wconf 87' lang='lat' dir='ltr'><strong>talem</strong></span> <span class='ocrx_word' id='word_1_170' title='bbox 937 2444 1082 2510; x_wconf 82' lang='lat' dir='ltr'><strong>feminam</strong></span> <span class='ocrx_word' id='word_1_171' title='bbox 1104 2444 1137 2508; x_wconf 89' lang='lat' dir='ltr'><strong>iu</strong></span> <span class='ocrx_word' id='word_1_172' title='bbox 1159 2444 1251 2509; x_wconf 87' lang='lat' dir='ltr'><strong>vitam</strong></span> 
     </span>
    </p>
   </div>
   <div class='ocr_carea' id='block_1_2' title="bbox 148 2684 1262 4409">
    <p class='ocr_par' dir='ltr' id='par_1_2' title="bbox 148 2684 1262 4409">
     <span class='ocr_line' id='line_1_20' title="bbox 250 2684 1247 2763; baseline -0.003 -18"><span class='ocrx_word' id='word_1_173' title='bbox 250 2689 280 2760; x_wconf 64' lang='lat'><strong>³)</strong></span> <span class='ocrx_word' id='word_1_174' title='bbox 299 2689 377 2760; x_wconf 66' lang='grc' dir='ltr'><strong><em>Πίος.</em></strong></span> <span class='ocrx_word' id='word_1_175' title='bbox 398 2686 538 2756; x_wconf 74' lang='lat' dir='ltr'><strong>litlot:</strong></span> <span class='ocrx_word' id='word_1_176' title='bbox 565 2687 744 2763; x_wconf 69' lang='grc' dir='ltr'><strong>Ἡρακλείδης</strong></span> <span class='ocrx_word' id='word_1_177' title='bbox 760 2684 800 2745; x_wconf 82' lang='grc' dir='ltr'><strong><em>τᾶ</em></strong></span> <span class='ocrx_word' id='word_1_178' title='bbox 821 2691 911 2760; x_wconf 74' lang='grc' dir='ltr'><strong><em>περὶ</em></strong></span> <span class='ocrx_word' id='word_1_179' title='bbox 936 2692 996 2755; x_wconf 69' lang='grc' dir='ltr'><strong>τῆς</strong></span> <span class='ocrx_word' id='word_1_180' title='bbox 1014 2685 1133 2743; x_wconf 89' lang='grc' dir='ltr'><strong><em>ἄπνου</em></strong></span> <span class='ocrx_word' id='word_1_181' title='bbox 1153 2686 1247 2758; x_wconf 70' lang='lat' dir='ltr'><strong>‹linyp-</strong></span> 
     </span>
     <span class='ocr_line' id='line_1_21' title="bbox 149 2779 1253 2863; baseline -0.005 -18"><span class='ocrx_word' id='word_1_182' title='bbox 149 2786 283 2863; x_wconf 75' lang='lat' dir='ltr'><strong>udpctnoc,</strong></span> <span class='ocrx_word' id='word_1_183' title='bbox 304 2788 344 2850; x_wconf 77' lang='grc' dir='ltr'><strong>ὥς</strong></span> <span class='ocrx_word' id='word_1_184' title='bbox 360 2786 503 2855; x_wconf 69' lang='grc' dir='ltr'><strong><em>ἐδοξάσθη</em></strong></span> <span class='ocrx_word' id='word_1_185' title='bbox 519 2785 556 2842; x_wconf 80' lang='grc' dir='ltr'><strong>Ἐ.</strong></span> <span class='ocrx_word' id='word_1_186' title='bbox 576 2786 744 2850; x_wconf 69' lang='grc' dir='ltr'><strong><em>ἀποστείλας</em></strong></span> <span class='ocrx_word' id='word_1_187' title='bbox 766 2779 817 2854; x_wconf 75' lang='grc' dir='ltr'><strong><em>τᾶν</em></strong></span> <span class='ocrx_word' id='word_1_188' title='bbox 835 2781 942 2857; x_wconf 69' lang='lat' dir='ltr'><strong>rcapti</strong></span> <span class='ocrx_word' id='word_1_189' title='bbox 971 2781 1126 2857; x_wconf 74' lang='grc' dir='ltr'><strong><em>ἄνθρωπον</em></strong></span> <span class='ocrx_word' id='word_1_190' title='bbox 1147 2783 1253 2848; x_wconf 75' lang='grc' dir='ltr'><strong><em>ζῶσαν,</em></strong></span> 
     </span>
     <span class='ocr_line' id='line_1_22' title="bbox 152 2873 1257 2959; baseline -0.003 -19"><span class='ocrx_word' id='word_1_191' title='bbox 152 2890 242 2959; x_wconf 76' lang='grc' dir='ltr'><strong><em>φησὶν</em></strong></span> <span class='ocrx_word' id='word_1_192' title='bbox 258 2888 316 2941; x_wconf 75' lang='grc' dir='ltr'><strong><em>κτλ.</em></strong></span> <span class='ocrx_word' id='word_1_193' title='bbox 344 2882 386 2944; x_wconf 86' lang='grc'><strong>60.</strong></span> <span class='ocrx_word' id='word_1_194' title='bbox 403 2883 587 2958; x_wconf 76' lang='grc' dir='ltr'><strong><em>Ἡρακλείδης</em></strong></span> <span class='ocrx_word' id='word_1_195' title='bbox 606 2886 643 2943; x_wconf 75' lang='grc' dir='ltr'><strong><em>ἐν</em></strong></span> <span class='ocrx_word' id='word_1_196' title='bbox 671 2885 714 2958; x_wconf 75' lang='grc' dir='ltr'><strong>τῷ</strong></span> <span class='ocrx_word' id='word_1_197' title='bbox 731 2888 816 2957; x_wconf 78' lang='grc' dir='ltr'><strong><em>περὶ</em></strong></span> <span class='ocrx_word' id='word_1_198' title='bbox 834 2883 952 2942; x_wconf 85' lang='grc' dir='ltr'><strong><em>νόσων</em></strong></span> <span class='ocrx_word' id='word_1_199' title='bbox 971 2885 1044 2955; x_wconf 76' lang='lat' dir='ltr'><strong>ppei</strong></span> <span class='ocrx_word' id='word_1_200' title='bbox 1063 2883 1112 2935; x_wconf 80' lang='grc' dir='ltr'><strong><em>ναὶ</em></strong></span> <span class='ocrx_word' id='word_1_201' title='bbox 1130 2873 1257 2937; x_wconf 80' lang='grc' dir='ltr'><strong><em>Παυσα-</em></strong></span> 
     </span>
     <span class='ocr_line' id='line_1_23' title="bbox 148 2977 1257 3056; baseline -0.005 -17"><span class='ocrx_word' id='word_1_202' title='bbox 148 2986 199 3056; x_wconf 68' lang='grc' dir='ltr'><strong>νίᾳ</strong></span> <span class='ocrx_word' id='word_1_203' title='bbox 214 2983 424 3054; x_wconf 70' lang='grc' dir='ltr'><strong>ὑφηγήσασθαι</strong></span> <span class='ocrx_word' id='word_1_204' title='bbox 447 2977 536 3039; x_wconf 66' lang='grc' dir='ltr'><strong><em>αὐτὸν</em></strong></span> <span class='ocrx_word' id='word_1_205' title='bbox 561 2979 593 3037; x_wconf 76' lang='lat' dir='ltr'><strong>roi</strong></span> <span class='ocrx_word' id='word_1_206' title='bbox 618 2984 687 3053; x_wconf 76' lang='lat' dir='ltr'><strong>crept</strong></span> <span class='ocrx_word' id='word_1_207' title='bbox 711 2977 763 3046; x_wconf 79' lang='grc' dir='ltr'><strong><em>τᾶν</em></strong></span> <span class='ocrx_word' id='word_1_208' title='bbox 786 2981 906 3039; x_wconf 88' lang='grc' dir='ltr'><strong><em>ἄπνουν.</em></strong></span> <span class='ocrx_word' id='word_1_209' title='bbox 951 2979 995 3033; x_wconf 84' lang='grc'><strong>51.</strong></span> <span class='ocrx_word' id='word_1_210' title='bbox 1017 2977 1200 3050; x_wconf 72' lang='grc' dir='ltr'><strong><em>Ἡρακλείδας</em></strong></span> <span class='ocrx_word' id='word_1_211' title='bbox 1218 2978 1257 3037; x_wconf 72' lang='grc' dir='ltr'><strong><em>ἐν</em></strong></span> 
     </span>
     <span class='ocr_line' id='line_1_24' title="bbox 149 3074 1257 3154; baseline -0.007 -18"><span class='ocrx_word' id='word_1_212' title='bbox 149 3080 196 3152; x_wconf 77' lang='lat' dir='ltr'><strong>rql</strong></span> <span class='ocrx_word' id='word_1_213' title='bbox 225 3082 319 3152; x_wconf 76' lang='lat' dir='ltr'><strong>napi</strong></span> <span class='ocrx_word' id='word_1_214' title='bbox 336 3080 470 3146; x_wconf 86' lang='grc' dir='ltr'><strong><em>νόσων,</em></strong></span> <span class='ocrx_word' id='word_1_215' title='bbox 501 3077 544 3136; x_wconf 81' lang='grc' dir='ltr'><strong>ὅτι</strong></span> <span class='ocrx_word' id='word_1_216' title='bbox 562 3079 696 3154; x_wconf 73' lang='grc' dir='ltr'><strong><em>λαμπρᾶς</em></strong></span> <span class='ocrx_word' id='word_1_217' title='bbox 727 3075 761 3145; x_wconf 82' lang='grc' dir='ltr'><strong><em>ἦν</em></strong></span> <span class='ocrx_word' id='word_1_218' title='bbox 784 3082 871 3138; x_wconf 69' lang='grc' dir='ltr'><strong><em>οἰκίας</em></strong></span> <span class='ocrx_word' id='word_1_219' title='bbox 890 3080 945 3133; x_wconf 75' lang='lat' dir='ltr'><strong>art.</strong></span> <span class='ocrx_word' id='word_1_220' title='bbox 988 3074 1063 3129; x_wconf 87' lang='lat' dir='ltr'><strong>Unde</strong></span> <span class='ocrx_word' id='word_1_221' title='bbox 1081 3074 1191 3128; x_wconf 82' lang='lat' dir='ltr'><strong>luerunt</strong></span> <span class='ocrx_word' id='word_1_222' title='bbox 1210 3077 1257 3144; x_wconf 91' lang='lat' dir='ltr'><strong>qui</strong></span> 
     </span>
     <span class='ocr_line' id='line_1_25' title="bbox 151 3171 1256 3242; baseline -0.006 -11"><span class='ocrx_word' id='word_1_223' title='bbox 151 3175 252 3231; x_wconf 83' lang='lat' dir='ltr'><strong>duobus</strong></span> <span class='ocrx_word' id='word_1_224' title='bbox 273 3177 301 3228; x_wconf 89' lang='lat' dir='ltr'><strong>in</strong></span> <span class='ocrx_word' id='word_1_225' title='bbox 321 3175 396 3230; x_wconf 87' lang='lat' dir='ltr'><strong>libris</strong></span> <span class='ocrx_word' id='word_1_226' title='bbox 420 3175 608 3231; x_wconf 85' lang='lat' dir='ltr'><strong>concluderent</strong></span> <span class='ocrx_word' id='word_1_227' title='bbox 625 3176 789 3230; x_wconf 87' lang='lat' dir='ltr'><strong>Heraclidem</strong></span> <span class='ocrx_word' id='word_1_228' title='bbox 807 3175 840 3227; x_wconf 89' lang='lat' dir='ltr'><strong>de</strong></span> <span class='ocrx_word' id='word_1_229' title='bbox 859 3171 1019 3242; x_wconf 84' lang='lat' dir='ltr'><strong>Empedoele</strong></span> <span class='ocrx_word' id='word_1_230' title='bbox 1032 3171 1134 3224; x_wconf 88' lang='lat' dir='ltr'><strong>medico</strong></span> <span class='ocrx_word' id='word_1_231' title='bbox 1154 3172 1256 3241; x_wconf 75' lang='lat' dir='ltr'><strong>egisse.</strong></span> 
     </span>
     <span class='ocr_line' id='line_1_26' title="bbox 152 3267 1259 3346; baseline -0.003 -20"><span class='ocrx_word' id='word_1_232' title='bbox 152 3271 300 3326; x_wconf 85' lang='lat' dir='ltr'><strong>Heraclidis</strong></span> <span class='ocrx_word' id='word_1_233' title='bbox 320 3273 389 3324; x_wconf 89' lang='lat' dir='ltr'><strong>enirn</strong></span> <span class='ocrx_word' id='word_1_234' title='bbox 407 3271 467 3325; x_wconf 89' lang='lat' dir='ltr'><strong>libri</strong></span> <span class='ocrx_word' id='word_1_235' title='bbox 488 3277 556 3346; x_wconf 79' lang='lat' dir='ltr'><strong>napi</strong></span> <span class='ocrx_word' id='word_1_236' title='bbox 580 3270 673 3327; x_wconf 83' lang='grc' dir='ltr'><strong><em>ἄπνου</em></strong></span> <span class='ocrx_word' id='word_1_237' title='bbox 692 3279 763 3323; x_wconf 90' lang='lat' dir='ltr'><strong>certa</strong></span> <span class='ocrx_word' id='word_1_238' title='bbox 780 3271 905 3323; x_wconf 89' lang='lat' dir='ltr'><strong>memoria</strong></span> <span class='ocrx_word' id='word_1_239' title='bbox 928 3278 969 3322; x_wconf 90' lang='lat' dir='ltr'><strong>est</strong></span> <span class='ocrx_word' id='word_1_240' title='bbox 988 3268 1054 3321; x_wconf 86' lang='lat' dir='ltr'><strong>Plin.</strong></span> <span class='ocrx_word' id='word_1_241' title='bbox 1073 3267 1131 3332; x_wconf 89' lang='lat' dir='ltr'><strong>vti,</strong></span> <span class='ocrx_word' id='word_1_242' title='bbox 1150 3267 1187 3322; x_wconf 79' lang='lat'><strong>52</strong></span> <span class='ocrx_word' id='word_1_243' title='bbox 1205 3269 1259 3323; x_wconf 73' lang='lat' dir='ltr'><strong>tac</strong></span> 
     </span>
     <span class='ocr_line' id='line_1_27' title="bbox 150 3364 1260 3441; baseline -0.003 -19"><span class='ocrx_word' id='word_1_244' title='bbox 150 3370 264 3441; x_wconf 80' lang='lat' dir='ltr'><strong>pertinet</strong></span> <span class='ocrx_word' id='word_1_245' title='bbox 282 3367 368 3423; x_wconf 80' lang='lat' dir='ltr'><strong>nolite</strong></span> <span class='ocrx_word' id='word_1_246' title='bbox 385 3368 452 3422; x_wconf 83' lang='lat' dir='ltr'><strong>illud</strong></span> <span class='ocrx_word' id='word_1_247' title='bbox 474 3369 544 3439; x_wconf 80' lang='lat' dir='ltr'><strong>apud</strong></span> <span class='ocrx_word' id='word_1_248' title='bbox 562 3367 677 3421; x_wconf 77' lang='lat' dir='ltr'><strong>Graecos</strong></span> <span class='ocrx_word' id='word_1_249' title='bbox 694 3367 812 3421; x_wconf 73' lang='grc' dir='ltr'><strong><em>οοᾶυναου</em></strong></span> <span class='ocrx_word' id='word_1_250' title='bbox 827 3366 976 3421; x_wconf 75' lang='lat' dir='ltr'><strong>Heraclidis</strong></span> <span class='ocrx_word' id='word_1_251' title='bbox 993 3373 1087 3436; x_wconf 78' lang='lat' dir='ltr'><strong>reptem</strong></span> <span class='ocrx_word' id='word_1_252' title='bbox 1106 3364 1194 3418; x_wconf 77' lang='lat' dir='ltr'><strong>diodus</strong></span> <span class='ocrx_word' id='word_1_253' title='bbox 1214 3369 1260 3434; x_wconf 77' lang='lat' dir='ltr'><strong>[e-</strong></span> 
     </span>
     <span class='ocr_line' id='line_1_28' title="bbox 155 3462 1262 3536; baseline -0.003 -15"><span class='ocrx_word' id='word_1_254' title='bbox 155 3468 243 3522; x_wconf 76' lang='lat' dir='ltr'><strong>minae</strong></span> <span class='ocrx_word' id='word_1_255' title='bbox 262 3467 390 3519; x_wconf 76' lang='grc' dir='ltr'><strong><em>οσαπᾶπίτ</em></strong></span> <span class='ocrx_word' id='word_1_256' title='bbox 406 3465 442 3521; x_wconf 84' lang='lat' dir='ltr'><strong>ud</strong></span> <span class='ocrx_word' id='word_1_257' title='bbox 459 3466 539 3519; x_wconf 77' lang='grc' dir='ltr'><strong><em>οᾶαοο</em></strong></span> <span class='ocrx_word' id='word_1_258' title='bbox 554 3471 703 3528; x_wconf 81' lang='lat' dir='ltr'><strong>reuocatos,</strong></span> <span class='ocrx_word' id='word_1_259' title='bbox 718 3462 810 3517; x_wconf 80' lang='lat' dir='ltr'><strong>Galen.</strong></span> <span class='ocrx_word' id='word_1_260' title='bbox 829 3462 862 3516; x_wconf 91' lang='lat' dir='ltr'><strong>de</strong></span> <span class='ocrx_word' id='word_1_261' title='bbox 880 3463 932 3517; x_wconf 89' lang='lat' dir='ltr'><strong>loc.</strong></span> <span class='ocrx_word' id='word_1_262' title='bbox 951 3463 993 3517; x_wconf 79' lang='lat' dir='ltr'><strong>uli.</strong></span> <span class='ocrx_word' id='word_1_263' title='bbox 1005 3462 1081 3528; x_wconf 81' lang='lat' dir='ltr'>v1‚5</span> <span class='ocrx_word' id='word_1_264' title='bbox 1098 3464 1262 3536; x_wconf 76' lang='grc' dir='ltr'><strong><em>ἐπιγέγρα-</em></strong></span> 
     </span>
     <span class='ocr_line' id='line_1_29' title="bbox 152 3552 1259 3636; baseline -0.006 -14"><span class='ocrx_word' id='word_1_265' title='bbox 152 3584 222 3622; x_wconf 81' lang='grc' dir='ltr'><strong><em>πται</em></strong></span> <span class='ocrx_word' id='word_1_266' title='bbox 240 3563 315 3636; x_wconf 74' lang='grc' dir='ltr'><strong><em>γοῦν</em></strong></span> <span class='ocrx_word' id='word_1_267' title='bbox 332 3552 364 3620; x_wconf 77' lang='grc' dir='ltr'><strong>τὸ</strong></span> <span class='ocrx_word' id='word_1_268' title='bbox 391 3565 501 3632; x_wconf 78' lang='grc' dir='ltr'><strong><em>βιβλίον</em></strong></span> <span class='ocrx_word' id='word_1_269' title='bbox 523 3559 646 3624; x_wconf 57' lang='lat' dir='ltr'><strong>’Murcus</strong></span> <span class='ocrx_word' id='word_1_270' title='bbox 668 3560 861 3633; x_wconf 79' lang='grc' dir='ltr'><strong><em>Ἡρακλείδου,</em></strong></span> <span class='ocrx_word' id='word_1_271' title='bbox 884 3562 964 3632; x_wconf 77' lang='lat' dir='ltr'><strong>Dioq.</strong></span> <span class='ocrx_word' id='word_1_272' title='bbox 979 3561 1000 3628; x_wconf 91' lang='lat' dir='ltr'><strong>l,</strong></span> <span class='ocrx_word' id='word_1_273' title='bbox 1024 3561 1057 3616; x_wconf 81' lang='lat'><strong>12</strong></span> <span class='ocrx_word' id='word_1_274' title='bbox 1073 3559 1259 3633; x_wconf 77' lang='grc' dir='ltr'><strong><em>Ἡρακλείδης</em></strong></span> 
     </span>
     <span class='ocr_line' id='line_1_30' title="bbox 155 3649 1258 3732; baseline -0.007 -13"><span class='ocrx_word' id='word_1_275' title='bbox 155 3662 171 3719; x_wconf 87' lang='lat' dir='ltr'><strong>o‘</strong></span> <span class='ocrx_word' id='word_1_276' title='bbox 190 3657 333 3722; x_wconf 72' lang='grc' dir='ltr'><strong><em>Ποντικὸς</em></strong></span> <span class='ocrx_word' id='word_1_277' title='bbox 350 3660 382 3719; x_wconf 77' lang='grc' dir='ltr'><strong><em>ἐν</em></strong></span> <span class='ocrx_word' id='word_1_278' title='bbox 402 3659 444 3732; x_wconf 67' lang='grc' dir='ltr'><strong>τῷ</strong></span> <span class='ocrx_word' id='word_1_279' title='bbox 458 3663 526 3732; x_wconf 71' lang='grc' dir='ltr'><strong><em>περὶ</em></strong></span> <span class='ocrx_word' id='word_1_280' title='bbox 543 3658 590 3726; x_wconf 75' lang='grc' dir='ltr'><strong>τῆς</strong></span> <span class='ocrx_word' id='word_1_281' title='bbox 607 3656 710 3724; x_wconf 83' lang='grc' dir='ltr'><strong><em>ἄπνου,</em></strong></span> <span class='ocrx_word' id='word_1_282' title='bbox 730 3659 803 3730; x_wconf 76' lang='lat' dir='ltr'><strong>Orig.</strong></span> <span class='ocrx_word' id='word_1_283' title='bbox 822 3659 881 3712; x_wconf 80' lang='lat' dir='ltr'><strong>adr.</strong></span> <span class='ocrx_word' id='word_1_284' title='bbox 892 3657 964 3711; x_wconf 82' lang='lat' dir='ltr'><strong>Cels.</strong></span> <span class='ocrx_word' id='word_1_285' title='bbox 975 3660 1001 3724; x_wconf 81' lang='lat'><strong>2,</strong></span> <span class='ocrx_word' id='word_1_286' title='bbox 1015 3655 1047 3709; x_wconf 83' lang='lat' dir='ltr'><strong>td</strong></span> <span class='ocrx_word' id='word_1_287' title='bbox 1065 3649 1099 3710; x_wconf 83' lang='grc' dir='ltr'><strong><em>τᾶ</em></strong></span> <span class='ocrx_word' id='word_1_288' title='bbox 1119 3661 1258 3727; x_wconf 74' lang='grc' dir='ltr'><strong><em>περὶτῆς</em></strong></span> 
     </span>
     <span class='ocr_line' id='line_1_31' title="bbox 153 3745 1259 3832; baseline -0.004 -19"><span class='ocrx_word' id='word_1_289' title='bbox 153 3745 236 3832; x_wconf 73' lang='grc' dir='ltr'><strong><em>παρὰ</em></strong></span> <span class='ocrx_word' id='word_1_290' title='bbox 254 3757 292 3830; x_wconf 79' lang='lat' dir='ltr'><strong>uqi</strong></span> <span class='ocrx_word' id='word_1_291' title='bbox 306 3755 470 3831; x_wconf 64' lang='grc' dir='ltr'><strong>Ἡρακλείδῃ</strong></span> <span class='ocrx_word' id='word_1_292' title='bbox 489 3753 592 3814; x_wconf 65' lang='grc' dir='ltr'><strong><em>ἄπνου,</em></strong></span> <span class='ocrx_word' id='word_1_293' title='bbox 610 3756 651 3811; x_wconf 80' lang='lat' dir='ltr'><strong>nc</strong></span> <span class='ocrx_word' id='word_1_294' title='bbox 668 3757 760 3808; x_wconf 89' lang='lat' dir='ltr'><strong>mirum</strong></span> <span class='ocrx_word' id='word_1_295' title='bbox 780 3755 899 3823; x_wconf 84' lang='lat' dir='ltr'><strong>proiecto</strong></span> <span class='ocrx_word' id='word_1_296' title='bbox 913 3755 936 3808; x_wconf 86' lang='lat' dir='ltr'><strong>si</strong></span> <span class='ocrx_word' id='word_1_297' title='bbox 948 3751 1101 3807; x_wconf 83' lang='lat' dir='ltr'><strong>Heraclides</strong></span> <span class='ocrx_word' id='word_1_298' title='bbox 1119 3766 1177 3805; x_wconf 84' lang='lat' dir='ltr'><strong>eam</strong></span> <span class='ocrx_word' id='word_1_299' title='bbox 1188 3768 1259 3823; x_wconf 83' lang='lat' dir='ltr'><strong>rem,</strong></span> 
     </span>
     <span class='ocr_line' id='line_1_32' title="bbox 153 3844 1258 3924; baseline -0.004 -14"><span class='ocrx_word' id='word_1_300' title='bbox 153 3856 198 3911; x_wconf 83' lang='lat' dir='ltr'><strong>cui</strong></span> <span class='ocrx_word' id='word_1_301' title='bbox 218 3851 378 3924; x_wconf 67' lang='lat' dir='ltr'><strong>singularem</strong></span> <span class='ocrx_word' id='word_1_302' title='bbox 391 3851 486 3907; x_wconf 74' lang='lat' dir='ltr'><strong>durum</strong></span> <span class='ocrx_word' id='word_1_303' title='bbox 504 3850 670 3918; x_wconf 76' lang='lat' dir='ltr'><strong>destinasset,</strong></span> <span class='ocrx_word' id='word_1_304' title='bbox 690 3851 774 3905; x_wconf 90' lang='lat' dir='ltr'><strong>allero</strong></span> <span class='ocrx_word' id='word_1_305' title='bbox 786 3852 864 3904; x_wconf 90' lang='lat' dir='ltr'><strong>etiam</strong></span> <span class='ocrx_word' id='word_1_306' title='bbox 880 3851 947 3905; x_wconf 83' lang='lat' dir='ltr'><strong>liiro</strong></span> <span class='ocrx_word' id='word_1_307' title='bbox 962 3844 1081 3905; x_wconf 83' lang='lat' dir='ltr'><strong>similiter</strong></span> <span class='ocrx_word' id='word_1_308' title='bbox 1099 3855 1258 3906; x_wconf 78' lang='lat' dir='ltr'><strong>tractasset:</strong></span> 
     </span>
     <span class='ocr_line' id='line_1_33' title="bbox 153 3946 1259 4020; baseline -0.001 -17"><span class='ocrx_word' id='word_1_309' title='bbox 153 3957 183 4003; x_wconf 90' lang='lat' dir='ltr'><strong>nt</strong></span> <span class='ocrx_word' id='word_1_310' title='bbox 199 3955 273 4003; x_wconf 88' lang='lat' dir='ltr'><strong>recta</strong></span> <span class='ocrx_word' id='word_1_311' title='bbox 290 3949 418 4003; x_wconf 81' lang='lat' dir='ltr'><strong>reiecisse</strong></span> <span class='ocrx_word' id='word_1_312' title='bbox 435 3947 561 4005; x_wconf 85' lang='lat' dir='ltr'><strong>dicandus</strong></span> <span class='ocrx_word' id='word_1_313' title='bbox 580 3949 615 4003; x_wconf 89' lang='lat' dir='ltr'><strong>sit</strong></span> <span class='ocrx_word' id='word_1_314' title='bbox 632 3948 754 4003; x_wconf 82' lang='lat' dir='ltr'><strong>lleswert</strong></span> <span class='ocrx_word' id='word_1_315' title='bbox 772 3949 886 4020; x_wconf 88' lang='lat' dir='ltr'><strong>(dissert.</strong></span> <span class='ocrx_word' id='word_1_316' title='bbox 904 3947 938 4001; x_wconf 91' lang='lat' dir='ltr'><strong>de</strong></span> <span class='ocrx_word' id='word_1_317' title='bbox 952 3947 1055 4001; x_wconf 87' lang='lat' dir='ltr'><strong>lieraei.</strong></span> <span class='ocrx_word' id='word_1_318' title='bbox 1076 3947 1150 4000; x_wconf 85' lang='lat' dir='ltr'><strong>Pont.</strong></span> <span class='ocrx_word' id='word_1_319' title='bbox 1169 3961 1196 4013; x_wconf 91' lang='lat' dir='ltr'><strong>p.</strong></span> <span class='ocrx_word' id='word_1_320' title='bbox 1208 3946 1259 4018; x_wconf 85' lang='lat'><strong>89)</strong></span> 
     </span>
     <span class='ocr_line' id='line_1_34' title="bbox 154 4042 1259 4118; baseline -0.006 -15"><span class='ocrx_word' id='word_1_321' title='bbox 154 4047 232 4103; x_wconf 73' lang='lat' dir='ltr'><strong>Petili</strong></span> <span class='ocrx_word' id='word_1_322' title='bbox 249 4045 417 4117; x_wconf 67' lang='lat' dir='ltr'><strong>Herculique</strong></span> <span class='ocrx_word' id='word_1_323' title='bbox 429 4047 580 4114; x_wconf 89' lang='lat' dir='ltr'><strong>opinionem</strong></span> <span class='ocrx_word' id='word_1_324' title='bbox 599 4046 693 4103; x_wconf 82' lang='lat' dir='ltr'><strong>librum</strong></span> <span class='ocrx_word' id='word_1_325' title='bbox 714 4049 784 4118; x_wconf 75' lang='lat' dir='ltr'><strong>aspi</strong></span> <span class='ocrx_word' id='word_1_326' title='bbox 807 4046 903 4102; x_wconf 73' lang='grc' dir='ltr'><strong><em>ἄπνου</em></strong></span> <span class='ocrx_word' id='word_1_327' title='bbox 923 4045 1066 4098; x_wconf 85' lang='lat' dir='ltr'><strong>Pausauiae</strong></span> <span class='ocrx_word' id='word_1_328' title='bbox 1093 4042 1259 4109; x_wconf 84' lang='lat' dir='ltr'><strong>donantium,</strong></span> 
     </span>
     <span class='ocr_line' id='line_1_35' title="bbox 156 4138 1259 4215; baseline 0.001 -18"><span class='ocrx_word' id='word_1_329' title='bbox 156 4158 209 4197; x_wconf 88' lang='lat' dir='ltr'><strong>non</strong></span> <span class='ocrx_word' id='word_1_330' title='bbox 225 4143 289 4196; x_wconf 86' lang='lat' dir='ltr'><strong>item</strong></span> <span class='ocrx_word' id='word_1_331' title='bbox 308 4141 465 4209; x_wconf 76' lang='lat' dir='ltr'><strong>Hasauhoni,</strong></span> <span class='ocrx_word' id='word_1_332' title='bbox 483 4144 528 4211; x_wconf 91' lang='lat' dir='ltr'><strong>qni</strong></span> <span class='ocrx_word' id='word_1_333' title='bbox 546 4143 614 4201; x_wconf 88' lang='lat' dir='ltr'><strong>duos</strong></span> <span class='ocrx_word' id='word_1_334' title='bbox 630 4142 691 4198; x_wconf 88' lang='lat' dir='ltr'><strong>iilos</strong></span> <span class='ocrx_word' id='word_1_335' title='bbox 723 4142 805 4196; x_wconf 83' lang='lat' dir='ltr'><strong>libros</strong></span> <span class='ocrx_word' id='word_1_336' title='bbox 831 4145 898 4215; x_wconf 79' lang='lat' dir='ltr'><strong>auspi</strong></span> <span class='ocrx_word' id='word_1_337' title='bbox 915 4141 1011 4199; x_wconf 79' lang='grc' dir='ltr'><strong><em>ἄπνου</em></strong></span> <span class='ocrx_word' id='word_1_338' title='bbox 1031 4147 1057 4192; x_wconf 86' lang='lat' dir='ltr'><strong>et</strong></span> <span class='ocrx_word' id='word_1_339' title='bbox 1074 4143 1140 4211; x_wconf 75' lang='lat' dir='ltr'><strong>cepi</strong></span> <span class='ocrx_word' id='word_1_340' title='bbox 1158 4138 1259 4198; x_wconf 84' lang='grc' dir='ltr'><strong><em>νόσων</em></strong></span> 
     </span>
     <span class='ocr_line' id='line_1_36' title="bbox 156 4235 1254 4310; baseline -0.004 -15"><span class='ocrx_word' id='word_1_341' title='bbox 156 4255 235 4303; x_wconf 81' lang='lat' dir='ltr'><strong>naum</strong></span> <span class='ocrx_word' id='word_1_342' title='bbox 253 4237 417 4310; x_wconf 71' lang='lat' dir='ltr'><strong>mutemque</strong></span> <span class='ocrx_word' id='word_1_343' title='bbox 432 4254 493 4297; x_wconf 84' lang='lat' dir='ltr'><strong>esse</strong></span> <span class='ocrx_word' id='word_1_344' title='bbox 510 4242 668 4297; x_wconf 77' lang='grc' dir='ltr'><strong><em>οοοίαοοταο.</em></strong></span> <span class='ocrx_word' id='word_1_345' title='bbox 687 4240 770 4296; x_wconf 85' lang='lat' dir='ltr'><strong>liuius</strong></span> <span class='ocrx_word' id='word_1_346' title='bbox 787 4246 862 4297; x_wconf 77' lang='lat' dir='ltr'><strong>certo</strong></span> <span class='ocrx_word' id='word_1_347' title='bbox 879 4237 940 4295; x_wconf 79' lang='lat' dir='ltr'><strong>illari</strong></span> <span class='ocrx_word' id='word_1_348' title='bbox 957 4243 1061 4307; x_wconf 67' lang='lat' dir='ltr'><strong>paster</strong></span> <span class='ocrx_word' id='word_1_349' title='bbox 1081 4235 1254 4291; x_wconf 85' lang='lat' dir='ltr'><strong>allatosliie-</strong></span> 
     </span>
     <span class='ocr_line' id='line_1_37' title="bbox 157 4332 1258 4409; baseline -0.003 -17"><span class='ocrx_word' id='word_1_350' title='bbox 157 4338 233 4407; x_wconf 77' lang='lat' dir='ltr'><strong>qeuis</strong></span> <span class='ocrx_word' id='word_1_351' title='bbox 253 4336 327 4393; x_wconf 84' lang='lat' dir='ltr'><strong>locor</strong></span> <span class='ocrx_word' id='word_1_352' title='bbox 345 4351 398 4391; x_wconf 89' lang='lat' dir='ltr'><strong>uua</strong></span> <span class='ocrx_word' id='word_1_353' title='bbox 416 4336 494 4392; x_wconf 90' lang='lat' dir='ltr'><strong>etiam</strong></span> <span class='ocrx_word' id='word_1_354' title='bbox 512 4336 613 4409; x_wconf 86' lang='lat' dir='ltr'><strong>reliqua</strong></span> <span class='ocrx_word' id='word_1_355' title='bbox 628 4337 762 4407; x_wconf 87' lang='lat' dir='ltr'><strong>memoria,</strong></span> <span class='ocrx_word' id='word_1_356' title='bbox 781 4336 817 4389; x_wconf 87' lang='lat' dir='ltr'><strong>id.</strong></span> <span class='ocrx_word' id='word_1_357' title='bbox 828 4337 859 4406; x_wconf 79' lang='lat' dir='ltr'><strong>l,</strong></span> <span class='ocrx_word' id='word_1_358' title='bbox 869 4334 902 4389; x_wconf 85' lang='grc'><strong>87</strong></span> <span class='ocrx_word' id='word_1_359' title='bbox 920 4333 960 4409; x_wconf 68' lang='lat' dir='ltr'><strong>(iu</strong></span> <span class='ocrx_word' id='word_1_360' title='bbox 978 4333 1098 4404; x_wconf 76' lang='lat' dir='ltr'><strong>eutaloqo</strong></span> <span class='ocrx_word' id='word_1_361' title='bbox 1109 4332 1258 4393; x_wconf 83' lang='lat' dir='ltr'><strong>Heraclidis</strong></span> 
     </span>
    </p>
   </div>
   <div class='ocr_carea' id='block_1_3' title="bbox 0 0 1414 4942">
    <p class='ocr_par' dir='ltr' id='par_1_3' title="bbox 0 0 1414 4942">
     <span class='ocr_line' id='line_1_38' title="bbox 0 0 1414 4942; baseline 0 0"><span class='ocrx_word' id='word_1_362' title='bbox 0 0 1414 4942; x_wconf 95' lang='lat' dir='ltr'><strong> </strong></span> 
     </span>
    </p>
   </div>
  </div>
 </body>
</html>
