2782 4936
586 361 795 426 ...25-

147 545 301 627 emtione,
324 562 383 629 qua
405 560 462 610 suo
481 545 621 628 exemplo
652 543 787 610 omnium
814 546 905 625 poete
927 540 1055 606 doceret
1076 539 1246 607 animorum

144 655 299 739 principia
324 660 414 736 atque
436 654 585 719 fortunas.
626 654 692 718 lluc
716 651 825 717 eodem
853 668 947 735 porro
977 650 1141 716 referenda
1163 668 1245 741 esse,

149 783 230 848 quae
251 765 291 829 de
310 765 480 829 animorum
501 765 533 828 in
556 763 647 829 terris
670 780 726 846 per
747 761 928 845 multiplices
944 762 1058 826 formas
1083 760 1247 846 migratio·

149 894 207 957 ne,
239 873 279 939 de
300 874 473 940 animalium
494 875 615 940 nefasta
637 873 745 953 coede,
758 873 797 938 de
818 872 925 956 poenis
945 891 983 937 ac
1002 871 1245 954 purgationibus,

148 985 188 1050 de
210 985 310 1050 reditu
329 984 461 1068 denique
482 984 522 1050 ad
543 985 649 1049 beatas
672 983 800 1060 deornm
828 981 919 1048 sedes
941 982 1108 1064 harumque
1124 979 1247 1047 deseri·

146 1095 253 1178 ptione
275 1095 307 1158 in
328 1095 510 1178 fragmentis
532 1099 744 1178 exponuntur,
774 1111 841 1158 cum
862 1112 880 1158 e
900 1088 991 1157 locis'
1004 1091 1103 1156 allatis
1124 1091 1247 1175 perspi-

147 1206 237 1285 citur,
261 1211 323 1268 tum
344 1211 377 1268 ut
398 1221 455 1270 suo
485 1205 613 1288 quisque
640 1204 756 1269 iudicio
778 1203 955 1268 existimare
981 1207 1099 1284 posset,
1121 1201 1247 1266 curavi-

146 1331 214 1378 mus
236 1313 496 1379 adnotationibus.
591 1308 600 1321 ‘

152 1430 155 1437 '
250 1423 339 1504 Nam,
361 1425 475 1489 utiam
496 1423 710 1508 disputationis
741 1423 856 1488 calcem
884 1421 1047 1508 attingam,
1069 1419 1130 1486 duo
1153 1437 1246 1504 prae-

151 1533 241 1617 cipue
260 1532 293 1597 in
315 1535 373 1600 bac
388 1535 629 1619 fragmentorum
649 1517 836 1600 reeensione
857 1533 955 1598 secuti
975 1549 1098 1612 sumus,
1119 1531 1247 1613 primunr

146 1648 181 1706 ut
202 1659 292 1725 quam
308 1643 479 1709 certissime
498 1650 605 1727 posset
621 1661 677 1709 suo
700 1644 842 1726 quodque
862 1644 1063 1728 fragmentum
1083 1643 1154 1708 loco
1178 1640 1250 1707 col-

146 1751 341 1817 locaremus:
374 1753 455 1835 quod
476 1771 574 1837 genus
597 1760 631 1818 ut
660 1754 691 1817 in
724 1753 854 1836 singulis
875 1752 1057 1834 minutisque
1077 1749 1248 1834 perdiffici-

148 1860 210 1925 lem
233 1879 326 1945 saepe
347 1863 440 1928 babet
461 1863 673 1929 defensionem
697 1862 871 1946 pendetque
898 1882 916 1927 a
940 1862 1071 1944 quodam
1093 1861 1132 1926 ad
1151 1860 1246 1927 totius

149 1972 293 2037 carminis
316 1973 451 2055 speeiem
474 1974 666 2038 conformato
688 1992 805 2054 sensu,
828 1973 870 2037 ita
892 1971 978 2037 a'cdis
1001 1973 1098 2036 instar
1118 1961 1247 2054 partium

147 2087 251 2146 mnino
274 2064 356 2147 nexu
365 2085 519 2167 totiusque
538 2085 696 2149 instaurati
713 2083 857 2149 carminis
872 2083 1086 2148 convenientia
1111 2100 1148 2147 ae
1170 2098 1250 2147 con-

147 2209 241 2257 sensn
253 2193 389 2257 firmatur
404 2201 435 2258 et
453 2194 698 2274 commendatum
721 2194 849 2258 alterum
863 2199 962 2258 autem
980 2191 1162 2258 emendandi
1183 2209 1248 2257 mu-

150 2318 227 2367 nere
251 2302 433 2367 continetur.
476 2304 577 2386 Atque
599 2303 679 2368 illius
700 2304 747 2368 rei
768 2304 904 2368 rationes
934 2323 951 2368 a
974 2301 1133 2367 doctrinae
1153 2318 1248 2368 ener-

149 2409 271 2477 ratione
295 2428 359 2475 non
380 2412 570 2493 separandas
592 2430 664 2476 mox
677 2413 833 2495 copiosius
848 2429 1051 2494 exponemus:
1073 2430 1155 2476 nuno
1176 2416 1247 2476 tan-

154 2523 216 2582 turn
236 2519 268 2583 in
296 2519 545 2585 adnotationibus
567 2521 718 2607 dedimus,
742 2528 884 2604 quantum
906 2521 946 2585 ed
968 2520 1081 2585 iudicia
1105 2521 1247 2588 facienda

151 2627 226 2693 satis
246 2628 421 2709 videretur3
453 2630 590 2695 criticam
622 2637 721 2696 autem
751 2636 867 2714 partem
883 2622 941 2694 “ito
974 2630 1191 2712 tractavimus,
1214 2635 1248 2695 ut

147 2744 339 2819 apparatum,
361 2757 450 2821 quem
467 2747 596 2821 vocant,
619 2741 757 2805 criticum
776 2758 864 2822 quam
889 2757 1048 2822 possemus
1070 2739 1246 2822 plenissime

147 2847 376 2933 colligeremus,
400 2859 609 2932 (quamquam,
632 2868 673 2915 ne
696 2867 754 2915 nos
774 2849 875 2932 aliqua
897 2850 928 2913 in
959 2848 1246 2914 commentariorum

147 2955 282 3022 latebras
313 2957 416 3037 abdita
443 2959 596 3042 fugerint,
626 2959 765 3025 nolumus
795 2965 968 3042 praestare)
1004 2975 1064 3040 quo
1094 2959 1244 3044 cognosci

145 3072 263 3147 posset,
285 3085 345 3149 quo
360 3086 509 3134 successu
528 3069 662 3134 editores
676 3068 841 3152 (Rerqlrius
853 3099 884 3124 =
895 3068 941 3148 lt,
965 3065 1244 3149 Karsteniue=ll.,

146 3175 400 3240 Ponaerbictoros
420 3209 452 3234 =
470 3180 512 3259 P,
536 3177 676 3242 Starzius
697 3209 730 3235 =
751 3179 793 3244 St.
806 3180 854 3258 lJ,
876 3177 984 3259 quibus
1000 3195 1074 3259 prae
1095 3177 1164 3243 aliis
1186 3178 1246 3243 ad-

145 3283 319 3368 iungendus
338 3286 491 3368 Joscpbus
508 3287 656 3370 Scaliger,
679 3273 765 3352 cuius
781 3286 1128 3370 emendationes‘saepe
1149 3306 1244 3370 prae-

145 3393 249 3459 clarae
270 3396 378 3477 partim
400 3399 432 3460 in
453 3398 580 3462 llcnrioi
605 3398 750 3480 Stephani
778 3397 867 3478 poesi
887 3396 1098 3480 philosophica
1131 3375 1243 3484 legun·

244 3620 271 3686 *t
293 3619 655 3692 tethalassomenon
674 3624 705 3676 de
730 3624 861 3693 prooemio
880 3621 1053 3692 Empedoclis.
1075 3621 1152 3689 1839,
1174 3637 1242 3693 quae

143 3715 178 3770 58
198 3731 320 3770 versuum
340 3719 456 3771 eontinet
476 3721 672 3773 recensionem:
691 3735 743 3788 quo
764 3719 892 3772 accedunt
909 3719 1007 3772 multae
1028 3726 1106 3789 atqnw
1124 3719 1242 3787 plerum-

142 3828 195 3882 que
214 3814 341 3882 egregiae
357 3814 552 3869 emendationes
569 3824 623 3868 tum
641 3816 738 3869 ibidem
758 3824 811 3868 tum
830 3815 891 3869 alibi
912 3817 1071 3886 propositae.
1092 3846 1126 3859 -
1142 3817 1240 3887 Empe.

143 3909 225 3962 cloelis
242 3909 410 3979 Agrigentini
428 3912 572 3964 caminum
589 3911 724 3980 reliquiae.
762 3914 802 3966 lle
819 3914 873 3966 cito
891 3914 945 3966 eius
966 3922 989 3966 et
1002 3913 1093 3967 studiis
1112 3914 1241 3982 dissensit,

141 3989 292 4075 fragmento
316 4005 452 4076 explicuit,
471 4008 660 4079 pbilosopbiom
676 4009 816 4063 illustrabit
836 4011 925 4063 Simon
953 4010 1076 4064 Karsten.
1099 4011 1177 4065 1888.
1207 4041 1242 4054 -

143 4102 266 4172 Beitrdge
283 4120 331 4156 sar
351 4101 441 4176 Kritilt
460 4104 514 4157 aad
531 4105 683 4177 Erbldruog
702 4107 932 4177 deelimpedoclea,
950 4125 1000 4160 oon
1019 4109 1154 4178 Professor
1171 4108 1243 4160 Port-

141 4198 277 4252 serbieter.
297 4199 391 4254 Periic.
411 4201 421 4252 l
442 4195 519 4273 1844,
541 4200 664 4268 partiell
683 4203 710 4265 ip
729 4203 811 4255 diurn.
832 4204 929 4273 antiqu.
952 4203 1019 4256 1845
1037 4217 1063 4271 p.
1076 4203 1129 4256 883
1137 4218 1194 4273 sqq.
1208 4234 1241 4246 -

144 4294 254 4364 nopes
273 4296 365 4368 Agrip.
386 4297 425 4350 be
441 4298 495 4351 aito
514 4305 538 4350 et
553 4297 717 4369 pbilosopbio
736 4301 790 4353 eius
809 4303 939 4372 esposuit,
958 4301 1101 4354 carminum
1118 4297 1242 4368 reliquiar

141 4398 190 4445 eet.
212 4391 315 4464 collegit
332 4400 381 4448 oet.
403 4393 448 4450 lla.
469 4393 500 4450 d.
521 4395 606 4449 sture.
629 4393 705 4448 1805.
