2796 4942
147 526 155 535 '
243 504 453 597 mdomnxe']
478 506 510 571 d'
529 496 611 574 ύσσα
632 508 741 591 γεγᾶσι
759 507 865 571 κακῶν
885 504 1081 591 καδ·γήραος
1102 495 1205 591 ύλκαρ

144 603 186 687 95
227 613 628 706 commendamentum
648 612 708 700 lym*
737 617 860 702 κρανέω
886 611 964 681 τάδε
987 614 1103 681 πάντα.

228 706 363 802 παύσεις
383 728 412 791 δ’
432 725 603 808 ἀκαμάταν
623 725 749 808 οῗνέμοον
767 726 862 808 μένος
884 723 918 791 ol'
933 725 961 789 τ’
981 726 1036 791 int
1054 731 1149 808 γαῖαν

228 836 394 921 ὀρνύμενοι
417 841 559 901 πνοιαδσι
580 832 880 919 καταφθινύθουσιν
899 825 1063 919 ἄρουραν·

226 944 282 1012 καί
301 946 406 1030 πάλιν,
423 937 490 1011 εὖτ’
512 946 685 1032 ἐθέλῃσθα,
707 948 885 1011 καλέσσατο
905 940 1057 1026 πνεύματ’
1080 943 1226 1024 έπύξεις·

228 1056 340 1142 θήσεις
362 1056 390 1119 δ’
414 1059 447 1135 l}
466 1047 602 1138 ὄμβροιο
622 1053 768 1119 κελαινοῦ
789 1055 913 1138 καίριον
934 1051 1065 1138 αύχμύν

146 1167 187 1235 30
229 1163 419 1250 α’νθριύποις,
441 1159 554 1250 θύσεις
576 1164 613 1228 δέ
633 1160 739 1243 zell}
767 1164 907 1247 αύχμοῖο
929 1166 1057 1249 θερείου

229 1274 378 1362 ρἐύματα
395 1272 650 1359 δενδρεόθρεπτα
677 1276 748 1337 κατ’
772 1272 900 1359 αἰθέρος
921 1274 1092 1347 alberone·

231 1379 317 1465 ἄξεις
338 1386 366 1449 δ’
388 1385 421 1462 l}
438 1382 558 1449 Ἀΐδαο
579 1383 822 1468 καταφθιμένου
842 1386 937 1465 μένος
958 1382 1086 1469 α’νδρύς.

148 1496 285 1572 Quorum
308 1494 347 1560 de
368 1492 444 1558 sede
467 1492 539 1575 quid
569 1491 760 1557 statuendum
779 1493 987 1575 arbitremur,
1010 1502 1158 1563 externae
1181 1498 1249 1563 lor-

146 1623 216 1671 mne
236 1610 309 1669 notn
329 1603 411 1669 infre
429 1602 641 1686 probabimus:
662 1621 744 1667 nnnc
766 1609 883 1668 tentum
903 1610 988 1669 certe
1011 1612 1104 1688 petet,
1128 1608 1249 1675 doctri-

147 1733 218 1779 nnm
238 1714 388 1778 medicem
412 1712 445 1778 in
466 1713 512 1778 eis
535 1730 599 1776 non
620 1713 755 1793 promitti
776 1713 837 1778 nisi
859 1714 892 1778 in
913 1734 1006 1808 uersu
1025 1717 1125 1800 primo
1148 1724 1180 1784 et
1201 1720 1250 1785 ui.

148 1825 234 1906 timo,
257 1829 361 1888 cetere
383 1840 460 1887 vero
484 1829 544 1889 torn
568 1840 638 1887 esse
661 1822 699 1887 nb
722 1823 774 1887 illa
797 1831 915 1890 remoto
938 1843 1027 1908 qunm
1051 1833 1190 1894 veterum
1213 1830 1252 1896 de

149 1935 242 2001 rebus
257 1933 394 2017 physicis
414 1933 549 1999 decretis
565 1933 723 2017 contigue,
745 1939 779 1996 ut
799 1935 928 1999 carmini
948 1936 1076 2020 physico
1090 1940 1254 2020 quominus

151 2045 324 2110 inseremus
344 2043 463 2107 infirmo
485 2061 613 2125 prorsus
632 2042 779 2125 opinione
799 2061 929 2126 eorum,
947 2046 998 2128 qui
1021 2063 1077 2111 eos
1098 2049 1254 2131 ἰατρικοῖς

98 2210 104 2219 .
148 2159 361 2237 seposuernnt,
383 2170 446 2218 non
469 2152 690 2219 deterreamur.
734 2153 864 2236 Scripsit
887 2173 964 2242 ergo
986 2156 1193 2238 Empedocles
1214 2158 1254 2223 de

148 2282 185 2330 re
206 2263 327 2329 medice
349 2263 503 2347 pedestris
527 2264 676 2328 orationis
697 2263 858 2329 libellum?
910 2266 957 2329 De
976 2266 1037 2330 boc
1058 2284 1135 2332 vero
1161 2269 1256 2334 cobi-

148 2374 210 2441 beo
231 2391 330 2437 meum
353 2372 517 2453 iudicium,
541 2389 640 2437 suone
662 2373 715 2437 ills
735 2373 826 2437 talem
847 2374 954 2440 enixus
977 2374 1017 2440 sii
1038 2381 1134 2458 partu.
1184 2378 1256 2443 Ad-

148 2489 326 2549 numcrntnr
340 2498 344 2505 ·
356 2482 478 2565 quidem
504 2500 522 2546 n
545 2482 664 2547 duobus
685 2481 746 2548 lide
766 2483 869 2569 dignis
890 2484 1102 2568 scriptoribus,
1124 2493 1158 2551 ut
1177 2488 1254 2554 reli-

151 2611 228 2677 quos
249 2592 421 2672 mittemus,
451 2593 485 2654 in
507 2591 698 2656 medicorum
724 2611 870 2675 numero,
905 2613 922 2658 u
946 2593 1062 2660 Geleno
1084 2595 1199 2677 tberep.
1221 2597 1245 2675 l,

149 2709 172 2767 t.
194 2704 233 2769 X.
256 2721 286 2783 p.
307 2703 326 2765 3
349 2701 450 2766 Chnrl.
474 2701 530 2764 καί
549 2697 579 2764 οἱ
598 2702 632 2765 ἐκ
653 2702 706 2785 τῆς
725 2703 857 2777 Ἰταλίας
879 2702 983 2786 ἰατροί
1001 2703 1174 2771 Φιλιστίων
1195 2705 1248 2768 καὶ

147 2811 357 2895 Ἐμπεδοκλῆς
379 2809 435 2876 κατ’
455 2814 649 2887 Παυσανίας
671 2814 727 2876 καί
747 2807 778 2876 οἱ
807 2809 923 2877 τούτων
942 2808 1079 2898 ἑταῖροι,
1102 2820 1134 2879 et
1153 2835 1171 2880 n
1191 2814 1253 2879 Pti-

149 2924 202 2988 nio
224 2923 295 2988 bist.
318 2929 379 2988 net.
397 2921 535 3003 XXXVI,
550 2922 591 2987 ot
609 2922 819 3005 pesbkntioe,
841 2937 920 3004 quoe
942 2925 1017 2988 sciis
1037 2924 1256 2990 obscuratione

28 3072 30 3087 ·
150 3033 350 3114 contrabitur,
362 3033 441 3116 ι’ρυέε
456 3033 560 3115 suffitu
571 3033 794 3116 multiformiter
806 3033 956 3097 coeman·
967 3040 1081 3099 certum
1096 3040 1151 3100 est.
1175 3035 1257 3101 Επι-

149 3142 292 3225 pedocles
314 3148 343 3205 et
364 3142 570 3224 Hippocrates
591 3142 624 3206 id
644 3149 856 3208 monstravere
877 3143 1008 3208 dirersis
1030 3145 1105 3210 locis
1126 3146 1200 3228 ss),
1223 3147 1257 3210 iu

263 3392 293 3462 ⁴)
314 3391 389 3445 liunt
407 3391 495 3446 locure
513 3407 529 3444 ι
546 3392 655 3444 Plutone
677 3390 787 3446 anedr.
816 3407 843 3461 ρ.
861 3393 915 3449 229
933 3393 954 3448 0
981 3410 1040 3449 cnm
1058 3395 1112 3449 teni
1130 3397 1259 3454 irrisione

152 3496 303 3561 respectum
330 3505 390 3544 esse
415 3489 473 3542 vuit
496 3487 651 3543 wolckerus
678 3503 758 3543 nour.
776 3491 862 3545 ennet.
891 3491 924 3544 de
943 3492 1025 3546 l'lnst.
1044 3492 1162 3548 nrcbdol.
1183 3497 1258 3551 sect

153 3587 246 3642 Frenc.
266 3596 285 3641 t.
304 3586 328 3640 ii
350 3603 377 3656 ρ.
395 3583 448 3640 366
467 3586 516 3658 (cl.
536 3601 627 3656 opusc.
646 3593 664 3640 t.
685 3585 721 3640 111
739 3603 764 3657 p.
783 3585 846 3659 60)=
862 3588 911 3644 sed
924 3589 1093 3647 dubitantium
1110 3607 1200 3647 ennon
1220 3595 1258 3663 id,

152 3686 223 3756 qnod
241 3700 312 3739 nunc
330 3701 345 3737 α
364 3686 444 3737 totius
464 3686 580 3753 corporis
599 3699 720 3738 connexu
734 3685 884 3755 decerptum
904 3687 984 3757 inque
1005 3689 1090 3758 cupite
1108 3691 1258 3762 singularis

151 3784 290 3852 fragmenti
309 3783 423 3852 positum
441 3781 598 3837 vocobulum
619 3786 760 3856 φάρμακα
783 3784 863 3838 incile
882 3793 998 3839 cosmum
1020 3788 1132 3841 orimum
1156 3790 1259 3845 edver.

153 3885 208 3949 tit,
220 3882 334 3936 Plutonis
355 3880 501 3950 aequales,
519 3882 563 3951 qui
581 3887 663 3934 totum
683 3897 787 3935 carmen
805 3882 944 3952 legerent,
963 3884 1130 3957 refugeret,
1149 3893 1192 3940 set
1211 3889 1257 3941 di.

155 3979 251 4033 stincte
268 3978 325 4031 illic
344 3977 519 4046 significatum
537 3979 580 4032 sit.

226 4075 273 4146 ”)
292 4073 410 4127 Eundem
422 4074 534 4127 Plinium
543 4073 662 4140 xxixa
680 4075 750 4142 (αέέα
765 4079 847 4146 factio
867 4077 900 4130 ab
918 4079 1097 4148 experimentis
1114 4097 1142 4133 se
1154 4098 1260 4152 οοριιο.

153 4172 256 4224 minans
274 4169 427 4239 Empiricen
446 4173 528 4241 coepit
545 4172 574 4224 in
591 4171 686 4226 Sicilia
702 4172 735 4224 ob
754 4172 859 4226 Acrone
885 4173 1064 4243 Agrigentino,
1085 4175 1259 4246 Empedoclis

150 4267 253 4338 ρδιριέοι·
270 4269 425 4320 anctoritate
451 4267 637 4337 commendato)
664 4269 691 4320 in
711 4270 796 4320 animo
821 4268 945 4324 babuisse
970 4271 1136 4339 Empedoclis
1154 4277 1259 4329 nomini

158 4365 318 4435 resignatum
337 4363 495 4433 epigramma
515 4363 592 4433 Diog.
612 4363 856 4432 limodicino
875 4364 1057 4441 δ’Ἀκρωνος
1084 4373 1135 4425 rod
1153 4373 1259 4446 δατραῦ
