2782 4936
680 548 813 632 n’yaosl'v,
831 546 940 632 inquil,

337 657 450 736 ’τελέως
470 660 544 741 ἐμοὶ
563 659 726 724 δοκοῦσιν·
770 651 874 742 ἢγὰρ
898 657 999 723 οὐκέτ’
1024 650 1080 743 ἦν,

341 766 364 856 ἢ
383 769 546 843 παντελῶς
570 765 848 854 ὑπεργεγηρακώς,
869 760 944 854 ὅπερ

339 878 381 943 oo'
398 877 547 966 φαίνεται
568 915 611 929 -

141 994 174 1058 id
193 997 293 1058 autem
310 989 424 1055 bellum
458 1005 526 1052 cum
548 987 580 1050 in
603 985 714 1070 olymp.
732 985 771 1051 91
794 984 977 1071 incidisset,
999 987 1080 1055 banc
1101 989 1241 1078 attigisse

143 1122 212 1168 cum
228 1119 288 1166 nec
307 1098 515 1183 Apollodorus
536 1097 710 1179 praefracte
728 1096 865 1183 negavit,
887 1105 1013 1182 (nempe
1032 1097 1069 1162 od
1090 1102 1242 1186 φαίνεται

143 1213 183 1280 ad
211 1210 366 1295 posterius
399 1213 515 1273 tantum
547 1206 714 1271 membrum
745 1207 896 1273 nubenda
915 1213 987 1272 sunt
1016 1209 1240 1294 excluduntque

145 1321 230 1388 senis
252 1330 353 1402 arma)
376 1324 407 1383 et
425 1319 474 1399 ei,
500 1333 577 1400 quos
599 1317 795 1402 oppugnarit,
820 1316 963 1383 alicunde
986 1320 1162 1402 acceperint
1184 1340 1242 1387 nc·

145 1448 234 1496 cesse
252 1435 309 1495 est.
352 1429 418 1504 Qua
441 1426 696 1508 ratiocinatione,
718 1427 775 1492 etsi
797 1426 988 1492 ambitiosius
1009 1429 1054 1492 uti
1073 1430 1158 1512 nolo,
1179 1430 1241 1497 hoc

142 1540 251 1607 sallem
267 1539 412 1620 efficitur,
425 1537 574 1605 minorem
588 1555 656 1601 eum
669 1542 741 1601 natu
756 1537 852 1602 luisse
873 1554 963 1620 quam
976 1536 1122 1623 Gorgiam
1144 1539 1245 1623 abnuo

142 1653 204 1715 boc
226 1666 291 1714 non
314 1664 481 1732 paucorum
494 1664 644 1712 annorum
666 1646 764 1730 spatio
783 1646 976 1712 disiunctum.
1017 1649 1066 1712 lle
1081 1648 1242 1733 disciplina

142 1760 247 1843 igitur,
262 1758 324 1823 nisi
345 1757 374 1822 si
394 1756 634 1839 mirccxemplo
668 1756 848 1839 discipulum
875 1757 1050 1839 quindecim
1083 1759 1240 1824 minimum

146 1868 235 1934 annis
257 1867 405 1932 maiorem
432 1867 580 1954 magistro
602 1866 720 1951 fingere
752 1866 820 1948 quis
841 1867 964 1950 gestiat,
985 1885 1048 1931 non
1068 1867 1129 1932 iam
1151 1869 1242 1951 quic-

143 1997 233 2060 quam
257 1976 467 2057 credendum3
487 1976 618 2059 exempli
633 1980 694 2042 vim
709 1981 798 2058 atque
821 1976 912 2041 eliam
928 1976 1142 2042 familiaritatis
1164 1996 1244 2043 con-

147 2087 335 2152 iunctionem
355 2104 395 2152 ne
419 2103 480 2172 ego
502 2086 625 2169 quidem
645 2103 769 2151 recuso.

239 2197 290 2261 Ad
311 2196 510 2263 Aristotelem
529 2213 624 2279 porro
647 2202 822 2279 auctorem,
845 2197 1033 2280 Hieronymi,
1053 2203 1087 2262 ut
1107 2205 1242 2281 apparet,

141 2307 318 2372 testimonio
340 2306 443 2387 nixus,
466 2305 564 2371 refert
572 2306 732 2393 Diogenes
755 2323 833 2388 quae
854 2307 1035 2374 dc-duobus
1057 2309 1243 2377 carminibus

144 2422 259 2496 narrat,
282 2416 441 2481 Persarum
462 2415 660 2498 expeditione
686 2417 907 2500 prooemiopue
926 2417 959 2481 in
978 2417 1164 2500 Apollinem,
1187 2438 1244 2485 re·

146 2524 227 2598 lictis
251 2525 372 2607 quidem
396 2545 414 2590 a
434 2530 546 2608 poeta,
575 2545 593 2590 a
624 2542 736 2590 sorore
766 2532 865 2592 autem
895 2527 945 2592 vel
972 2527 1033 2592 lilia
1063 2528 1241 2610 combustis,

144 2633 241 2700 altero
263 2635 344 2717 quod
368 2633 504 2700 nondum
526 2634 697 2700 absolutum
712 2642 813 2701 esset:
839 2636 879 2700 de
899 2637 997 2703 altero
1019 2656 1111 2702 causa
1128 2639 1244 2704 omissa

144 2751 210 2824 est3
232 2762 362 2827 namque
382 2751 416 2808 ut
436 2763 510 2810 casu
529 2751 580 2810 aut
600 2745 801 2828 imprudentia
832 2747 988 2812 interiisse
1010 2749 1158 2830 opinere,
1180 2767 1245 2813 non

144 2855 277 2938 postulat
290 2856 379 2920 vocis
400 2846 521 2919 ἄκουσα
542 2856 684 2940 ambigua
699 2857 759 2938 uis,
782 2873 861 2939 qnae
880 2859 994 2940 pariter
1007 2859 1047 2921 de
1058 2859 1243 2924 necessitate

146 2965 226 3029 loris
247 2965 389 3046 imposita
412 2964 503 3030 valet.
547 2966 696 3049 Huncque
714 2967 814 3048 potius
833 2967 865 3030 in
888 2967 1010 3031 modum
1028 2973 1062 3030 nl
1088 2968 1243 3050 interpre-

142 3081 211 3154 ter,
235 3074 344 3156 partim
366 3074 412 3138 rei
436 3074 526 3140 aliter
546 3075 640 3139 nimia
653 3075 894 3158 Aristotelioquc
915 3075 986 3140 stilo
1006 3077 1059 3140 vix
1080 3076 1175 3163 digna
1195 3077 1245 3144 le·

140 3184 221 3248 vitas
244 3182 399 3264 admonet,
420 3185 530 3266 partlm
552 3191 643 3268 atque
664 3185 765 3268 potius
786 3186 827 3251 de
846 3187 997 3268 prooemii
1017 3186 1106 3252 buius
1130 3189 1241 3274 singu-

140 3293 209 3358 lari·
224 3292 353 3375 quadam
373 3293 480 3357 indole
510 3301 601 3376 atque
628 3300 810 3379 argumento
845 3313 864 3359 e
885 3295 1045 3362 doctrinae
1065 3299 1243 3363 recessibus

142 3402 220 3468 alias
243 3401 471 3484 comprobanda
494 3404 695 3490 coniectura,
718 3405 830 3488 quaid
857 3423 920 3469 non
941 3403 982 3470 ad
1004 3407 1132 3492 vulgare
1152 3408 1244 3492 bym-

141 3531 253 3579 norum
273 3533 384 3598 genus,
403 3533 509 3580 verum
530 3515 569 3580 ad
582 3515 643 3596 dei,
664 3516 878 3583 cuiusnumini
899 3516 1079 3583 destinatum
1092 3518 1160 3596 luit,
1182 3520 1243 3584 vim

143 3644 181 3689 ac
204 3631 343 3690 naturam
370 3625 584 3708 philosophica
614 3625 744 3708 quadam
775 3645 812 3691 ac
841 3644 940 3710 paene
971 3628 1098 3711 physica
1122 3629 1243 3696 ratione

146 3735 361 3818 explicandam
382 3741 541 3818 spectasse
557 3737 708 3820 suspicor.

230 3845 333 3927 Atque
345 3845 424 3910 haec
436 3845 559 3929 quidem
580 3847 747 3913 secundum
759 3847 973 3912 Aristotelem:
995 3847 1112 3929 reliqua
1125 3848 1164 3913 de
1176 3855 1243 3916 tra-

145 3954 329 4040 goediarum
339 3956 451 4037 grandi
462 3973 590 4021 numero
601 3974 669 4020 cum
680 3956 761 4021 illius
771 3957 952 4021 auctoritate
963 3962 1024 4020 turm
1035 3958 1164 4022 rollonis
1173 3977 1245 4041 pro.

144 4065 300 4130 habilitate
311 4082 439 4147 prorsus
459 4065 600 4132 destituta
612 4073 690 4132 sunt.
711 4066 776 4130 Nec
792 4068 984 4132 subnituntur
997 4068 1056 4132 nisi
1068 4069 1157 4134 unius
1169 4087 1245 4134 nes·

147 4174 197 4237 cio
219 4180 351 4257 quantae
371 4172 444 4238 iidei
454 4176 632 4259 Hieronymi
648 4176 833 4256 testimonio,
856 4177 907 4240 cui
925 4184 1026 4244 tamen
1043 4184 1103 4242 tam
1114 4178 1245 4244 lidentcr

146 4300 181 4347 so
192 4282 376 4367 mancipavit
384 4285 576 4367 Karstenius,
599 4286 844 4352 dissuadentibus
856 4287 976 4353 Sturnio
989 4275 1132 4370 (Empcd.
1145 4307 1175 4370 p.
1185 4288 1244 4368 88)

149 4398 179 4459 et
202 4393 358 4461 Boeclubio
382 4395 530 4476 (staatsb.
554 4401 575 4466 t.
597 4396 634 4465 11.
652 4415 684 4481 p.
697 4397 775 4478 369)
797 4403 842 4484 ut,
863 4416 902 4464 nc
921 4398 1042 4465 scilicet
1059 4404 1103 4464 tot
1124 4398 1245 4465 sabula-
