2782 4936
507 364 698 447 ..ρ-τ

56 564 126 630 dem
146 563 363 648 Empedoclem
383 561 552 643 orationes,
578 562 639 626 dno
663 559 776 626 tantoris
791 576 889 645 eaque
907 560 1066 644 pertenuis
1078 560 1149 629 sutri

54 674 196 760 vestigia,
219 689 347 756 qnorum
369 673 496 738 alterurn
518 674 685 736 πολιτικῶν
708 673 746 737 ab
770 672 956 756 Hieronymo
980 671 1002 738 l.
1023 671 1044 736 l.
1067 668 1150 737 iacta

55 785 212 850 mentione
233 785 427 865 continetur,
459 783 585 848 alterum
611 783 816 869 fragmentum
840 788 887 848 est
907 782 1059 864 pedestris
1081 800 1154 847 ser-

54 895 172 975 monis,
202 894 241 959 ub
275 894 416 978 Diogene
444 892 522 974 illl,
543 893 584 960 63
614 910 654 957 ex
676 892 841 958 Heraclide
861 891 987 957 Partim
1008 890 1152 958 allatrrm:

54 1004 294 1086 Ἀκραγαντῖνοι
319 1003 466 1088 τρυφῶσι
488 1003 547 1082 μὲν
567 998 609 1077 οἷς
632 990 746 1083 αὔριον
768 998 1035 1082 ἀποθανούμενοι,
1052 1001 1153 1074 οἰκίας

56 1113 92 1174 dd
114 1111 401 1189 κατασκευάζονται
429 1108 471 1186 ὥς
498 1108 601 1174 κοὶντοι
624 1108 678 1174 τὸν
703 1110 818 1194 χρόνον
842 1110 1052 1192 tractasset:
1073 1127 1152 1192 quae

57 1220 165 1285 nescio
179 1219 253 1302 (prid
263 1220 434 1286 Sicularum
456 1220 644 1306 argutiarum
666 1219 807 1284 redolent
813 1240 823 1301 3
844 1236 944 1302 neque
964 1225 1090 1302 propter
1103 1236 1151 1300 ea,

57 1335 136 1413 quae
160 1330 284 1416 collegit
304 1331 464 1416 lienagius
486 1330 525 1394 ad
546 1329 637 1413 Diog.
658 1328 679 1392 l.
701 1329 740 1410 1.,
764 1328 808 1394 illi
828 1328 1050 1410 abiudicarim,
1069 1329 1155 1393 cuins

57 1441 199 1522 profecto
214 1441 402 1524 temporibus
415 1440 507 1505 multo
520 1440 620 1524 magis
631 1439 692 1504 tale
704 1439 816 1505 dictum
833 1441 987 1521 convenit,
1007 1456 1096 1523 qnam
1108 1436 1160 1504 rel

56 1550 202 1632 Platonis,
224 1551 276 1634 qni
291 1550 477 1616 adolescens
492 1550 575 1614 illam
587 1549 694 1614 unbem
709 1569 727 1615 a
740 1548 1042 1636 carthaginiensibus
1064 1567 1157 1615 erer-

58 1677 123 1723 sam
145 1660 267 1726 viderat
288 1672 332 1738 (r.
354 1660 446 1725 Diod.
469 1660 530 1726 Sic.
543 1659 623 1741 Xlll,
647 1659 716 1738 90).
748 1657 888 1723 Habendi
902 1676 977 1724 vero
998 1659 1156 1724 orationes

58 1770 112 1833 rix
133 1770 320 1835 crateribus
331 1771 473 1854 cuiquam
492 1770 595 1852 plnres
613 1787 702 1852 qnam
722 1769 794 1834 huie
808 1768 858 1834 vel
880 1770 1083 1834 necessitates
1105 1766 1157 1832 vel

60 1879 300 1960 opportunitates
321 1879 515 1966 obtigerunt,
538 1880 648 1963 qnippe
668 1878 719 1961 qni
741 1898 759 1944 e
780 1878 972 1945 nobilissima
993 1877 1158 1963 Agrigenti

57 1989 207 2054 oriundus
228 1996 323 2076 gente
342 1989 542 2076 (Dioglllll,
562 1990 705 2068 51-53)
721 1990 851 2071 pueritia
873 1989 973 2074 attigit
993 1988 1155 2053 turbulen-

56 2100 174 2164 tissima
195 2099 384 2183 reipublicae
403 2101 471 2165 eius
491 2106 641 2183 tempora,
655 2100 851 2184 'lhraspdaeo
874 2106 1006 2184 tyrsum
1029 2099 1155 2182 expulso

58 2208 193 2296 insignia
213 2210 272 2291 (cl.
291 2209 429 2275 Boeclrlr.
450 2210 490 2275 ad
506 2209 590 2275 lind.
615 2210 660 2276 01.
676 2210 702 2277 ll
723 2229 752 2292 p.
771 2211 829 2275 117
844 2219 929 2292 sap),
952 2226 1080 2292 quorum
1101 2228 1157 2275 ca·

57 2319 183 2384 lumitati
215 2320 366 2402 eripuisse
393 2321 548 2384 civitatem
577 2320 736 2404 liberaque
773 2319 871 2386 forma
901 2318 1157 2412 comoboravisse

57 2429 211 2492 lletonem
232 2428 428 2511 Empedoclis
449 2434 566 2512 putrem
588 2449 656 2494 cum
679 2429 865 2495 eNcanthis
897 2447 944 2511 ap.
966 2429 1058 2511 Diog.
1076 2427 1155 2509 Vlll,

62 2537 103 2601 tt
124 2537 227 2602 verbis
249 2533 416 2621 (Νεάνθης
442 2538 471 2600 δ’
497 2532 513 2599 ὅ
536 2534 717 2622 Κυζικηνὸς
746 2534 763 2600 ὅ
785 2539 842 2602 καί
861 2541 936 2621 nepo*
952 2538 1014 2602 τῶν
1036 2540 1160 2601 Πυθα-

56 2646 190 2728 γορικῶν
215 2641 312 2710 sinodo
333 2668 413 2731 φησι
438 2646 592 2720 Μέτωνος
622 2643 866 2730 τελευτήσαντος
892 2645 1077 2730 τυραννίδος
1098 2644 1158 2728 aip-

58 2750 122 2835 χὴν
141 2752 367 2839 inspirabas)
385 2762 448 2820 tum
470 2774 489 2819 e
510 2755 654 2840 l'elangis
676 2756 726 2835 (in
748 2756 911 2822 subditiaia
930 2755 969 2821 ad
990 2754 1157 2819 Philolaum
1255 2734 1261 2742 ¹

16 2908 18 2911 -
61 2863 202 2945 epistola,
225 2884 255 2929 r.
269 2865 361 2951 Diog.
376 2866 453 2948 Vlll,
470 2866 520 2935 53.
534 2867 586 2948 55,
607 2866 690 2930 unde
714 2865 781 2930 eins
799 2865 949 2947 epistolae
973 2865 1012 2928 de
1031 2864 1162 2947 singulis

50 2973 136 3037 ildes
158 2991 222 3037 non
239 2991 367 3056 prorsus
398 2976 560 3056 evertitur)
588 2975 638 3038 vel
659 2992 768 3039 errore
786 2975 836 3039 rel
856 2974 929 3038 ludo
951 2972 1076 3058 colligo,
1098 2991 1158 3056 qno

59 3083 92 3146 in
113 3082 244 3148 lletoni's
265 3084 398 3150 nominis
418 3085 518 3150 locum
532 3085 684 3151 subditum
701 3091 748 3149 est
760 3085 973 3167 Ἀρχίνομος,
996 3083 1078 3167 qnod
1101 3101 1159 3147 οο-

59 3211 195 3277 gnomen
217 3195 318 3277 potins
344 3196 507 3279 epnblico
530 3195 633 3260 cilicio
648 3195 818 3278 impositum
834 3213 922 3278 qnam
943 3213 1055 3261 noman
1079 3213 1156 3261 cen·

60 3303 190 3369 sendum
213 3311 261 3370 est
280 3307 330 3385 a),
374 3306 443 3389 lpse
460 3311 564 3371 tantem
585 3286 788 3387 Empedocles
817 3311 975 3372 strenuum
998 3324 1034 3371 se
1056 3307 1156 3372 civem

59 3413 272 3498 libertatisque
291 3414 433 3499 publicae
454 3436 558 3482 acrem
579 3414 773 3480 defensorem
794 3415 892 3480 tribus
912 3416 1042 3481 maxime
1064 3418 1157 3481 rebus

60 3525 218 3606 exhibuit,
252 3527 334 3608 qnod
366 3527 538 3611 tyrannidis
559 3524 754 3606 splendorem
786 3544 804 3589 a
827 3525 937 3607 populo
959 3525 1089 3590 delatum
1104 3543 1158 3590 re-

60 3637 189 3718 amavit,
212 3635 453 3703 turbulentorum
475 3636 587 3701 civium
614 3635 763 3718 repressit
794 3638 939 3716 conatus,
961 3635 1044 3700 mille
1067 3633 1158 3699 deni·

161 3929 190 4000 *J
209 3928 342 3985 similibus
355 3929 502 3985 nominibus
521 3929 662 3984 utebantur
679 3928 853 4000 magistratus,
872 3940 938 3996 qnos
955 3924 1044 3979 Locris
1060 3925 1160 3995 Epine-

61 4027 163 4097 phpriis
185 4027 268 4081 luisse
287 4028 474 4102 conprendier
490 4034 578 4080 narrat
590 4024 751 4095 Polymnii,
765 4025 807 4092 16,
825 4023 893 4093 apud
904 4024 1058 4079 Mamaeanos
1075 4031 1163 4079 autem

64 4120 235 4192 Cappadoces
265 4121 452 4176 acharondaa
479 4123 604 4176 institutis
628 4119 780 4196 νομριδοὺς
808 4122 901 4176 Strabo
918 4120 966 4174 xli
992 4138 1017 4191 p.
1035 4121 1097 4175 813.
1124 4149 1159 4164 -

29 4282 32 4289 ¹
64 4216 187 4272 Ceterum
205 4234 252 4287 pro
271 4223 375 4277 Μέτων
397 4218 515 4272 Taetrum
533 4219 637 4277 llomer.
661 4233 687 4287 p.
710 4220 744 4274 58
762 4218 897 4274 schirach.
922 4218 1017 4274 lusisse
1028 4223 1159 4276 Μτλίτιον

60 4317 162 4370 monuit
187 4315 405 4372 Schneidawlnns
433 4315 525 4386 philol.
555 4324 575 4370 t.
595 4316 631 4371 Vl
656 4332 682 4386 p.
703 4315 753 4372 158
773 4333 818 4385 m,
846 4318 924 4388 quem
954 4310 1042 4373 tamin
1070 4310 1158 4373 verbis

63 4411 174 4467 lustras
192 4419 291 4468 tantum
310 4412 424 4467 tribnsre
446 4410 555 4467 nollem.
844 4419 851 4429 ·
